2473 3380
154 142 249 194 253
676 126 786 177 DE
816 124 994 179 LJNG
1004 125 1102 179 UA
1131 125 1411 179 comcts
1435 128 1821 183 ARGENTEI.

158 250 355 295 Francos
373 237 610 301 aliquando
630 238 767 301 Alpes
786 238 1009 297 transiisse,
1042 240 1084 288 &
1107 240 1171 286 ibi
1186 241 1394 287 virtutem
1420 237 1542 286 suam
1563 239 1763 287 bellicam
1790 258 1987 304 expertos
2014 241 2160 294 fuiss'e,
2229 248 2311 294 Sed
2330 245 2383 295 ex

162 311 308 361 subito
325 310 477 368 aliquo
497 306 696 353 tumultu
716 306 829 352 nihil
846 305 942 352 sane
962 306 1221 354 huiusmodi
1242 307 1390 368 colligi
1409 307 1621 368 potuerit·
1653 352 1657 353 ⁷
1688 307 1820 354 Vidit
1845 310 1964 356 haud
1996 312 2053 357 ita
2073 312 2249 373 pridem
2269 315 2385 361 Ger·

160 379 309 429 mania
335 371 572 421 Rufforum
598 372 824 429 cohorteS‚
858 388 936 417 nec
963 389 1044 418 nos
1075 373 1139 419 ibi
1170 375 1260 420 rari
1286 371 1481 435 hospites
1508 368 1704 429 fuimuS‚
1735 370 1810 419 sed
1841 393 2067 437 nunquam
2100 394 2246 427 tamen
2272 380 2380 426 alte-

165 446 333 494 rutrius
352 440 496 488 sermo
520 437 686 486 civibus
713 440 953 501 imperatus
980 437 1063 497 est,
1096 439 1259 486 nedum
1287 442 1333 486 in
1358 439 1557 502 publicas
1582 437 1746 485 tabulas
1776 441 1997 501 migravit.
2066 444 2214 502 Idem,
2248 462 2386 505 quem

168 511 308 560 modo
326 507 598 555 laudavimus
615 503 752 552 Edw.
775 506 870 571 Lye
890 522 939 550 ex
956 506 1236 566 Hieronymo
1255 509 1431 557 Roman
1457 504 1605 561 affert,
1648 506 1813 553 Turim'
1829 506 1883 553 ab
1909 525 1961 554 eo
1981 506 2122 556 visum
2146 508 2271 557 fuiffe
2292 512 2386 558 bre·-

170 579 359 626 viarium
381 574 575 631 aliosque
596 570 732 617 libros
752 569 984 632 singulares
1001 572 1166 619 eisdem
1190 574 1343 623 litteris
1365 587 1577 627 exaratos,
1614 572 1773 632 quibus
1802 570 1905 618 usus
1937 576 2159 633 quondam
2180 578 2388 638 Ulphilas

171 642 270 693 fuit.
339 641 489 687 Miror
506 636 623 694 sane,
658 638 736 697 qui
754 635 848 684 ficri
875 641 1092 700 potuerit,
1126 655 1176 686 ut
1202 642 1248 686 in
1269 655 1384 687 tanta
1403 640 1642 686 litterarum
1670 639 1789 693 luce,
1821 639 1970 685 nullus
1998 642 2271 689 eruditorum
2303 644 2387 689 hos

173 703 491 768 manuscripto&
510 705 679 750 codices
699 700 773 750 sua
793 721 894 751 cura
913 705 1070 766 dignos
1091 707 1363 765 iudicaverit,
1393 707 1437 754 ἃ
1458 704 1691 766 quomodo
1713 705 1984 766 diligentiam
2005 706 2264 756 Mabilloniz·
2283 711 2392 755 alio-

173 791 385 834 rumque,
420 773 496 832 qui
527 773 570 817 in
599 772 677 816 has
705 787 802 816 oras
829 770 1035 819 litteraria
1064 774 1216 820 itinera
1244 772 1544 837 susceperunt,
1580 770 1773 834 effugere
1798 774 2042 834 potuerint.
2111 775 2194 822 Sed
2225 775 2393 837 deteget

173 846 264 892 haec
284 837 398 889 forte
416 838 626 887 volvenda
646 837 734 884 dies
757 837 800 885 ἃ
820 836 1028 888 curiosior
1045 837 1291 903 posteritas·

1160 1001 1197 1060 §.
1263 1000 1402 1048 xvn.

311 1105 545 1156 Subduffis
566 1109 706 1167 itaque
726 1107 933 1155 omnibus
952 1109 1150 1166 calculis,
1176 1114 1393 1170 ἐπέγμφη
1420 1107 1529 1154 illud
1546 1105 1752 1154 verfionis
1768 1105 2036 1167 Ulphilanae,
2064 1106 2186 1168 quod
2212 1107 2394 1154 nomine

179 1175 339 1224 codicis
359 1175 545 1235 argentei
567 1175 786 1236 appellare
808 1172 1020 1232 solemus,
1050 1178 1094 1220 in
1114 1175 1235 1222 Italia
1249 1211 1259 1230 ,
1292 1172 1370 1220 sub
1390 1172 1580 1237 dynastia
1598 1172 1928 1232 Ostrogothica,
1964 1173 2043 1219 esse
2069 1190 2301 1230 exaratum,
2326 1177 2394 1218 in-

179 1243 349 1304 trepide
368 1238 562 1288 affirmO.
629 1239 902 1288 Coniefiiurae
929 1258 1036 1289 meae
1061 1238 1177 1288 favet
1199 1257 1290 1286 non
1316 1237 1458 1286 solum
1489 1241 1673 1285 eximius
1702 1238 1804 1284 libri
1829 1240 1972 1296 nitor,
2004 1241 2082 1298 qui
2112 1258 2164 1286 eo
2195 1255 2397 1300 tempore

178 1309 298 1355 haud
320 1309 402 1354 levi
424 1308 567 1368 pretio
587 1307 907 1369 comparandus
929 1324 1039 1367 erat,
1072 1309 1112 1356 ἃ
1138 1309 1206 1355 cui
1232 1303 1348 1353 forte
1367 1307 1556 1368 impares
1577 1304 1859 1362 Gothorum,
1888 1304 1997 1351 dum
2018 1306 2144 1353 domi
2171 1306 2396 1367 degebant,

180 1376 364 1423 modieae
384 1371 606 1420 facultates
625 1371 769 1434 fuere3
805 1372 876 1420 sed
897 1376 1027 1421 etiam
1048 1375 1284 1424 harmonia
1312 1373 1384 1419 illa
1409 1371 1653 1434 singularis,
1688 1388 1784 1431 quae
1812 1371 2172 1418 animadvertitur
2192 1372 2304 1418 inter
2321 1389 2397 1418 ve·
2463 1384 2473 1393 “

183 1456 291 1489 teres
310 1439 521 1487 verfiones
546 1441 721 1498 latinas,
754 1442 977 1502 huiusque
1001 1440 1234 1489 leffionem
1262 1438 1368 1486 sacri
1395 1454 1544 1485 textus.
1615 1442 1735 1485 Nam
1766 1437 1928 1485 etiamst
1953 1440 1998 1484 in
2016 1437 2199 1485 Moesica
2217 1440 2397 1499 regione

181 1511 380 1571 primum
404 1507 594 1554 Gothice
613 1508 811 1554 translata
831 1504 996 1554 suerint
1015 1506 1127 1555 sacra
1157 1507 1352 1565 oracula3
1386 1506 1526 1553 nihilo
1554 1507 1701 1553 minus
1731 1504 1936 1550 credibile
1964 1503 2044 1563 est,
2078 1505 2133 1551 ad
2156 1520 2316 1568 typum
2334 1522 2398 1552 ec·

182 1574 314 1621 clefiae
340 1575 481 1620 latinae
511 1571 786 1620 conformata
815 1574 856 1620 ὃ(
883 1577 1001 1621 varie
1030 1573 1177 1622 refifiia
1206 1571 1331 1620 fuiffe
1353 1573 1543 1622 Gothica
1570 1572 1721 1621 Biblia.
1792 1569 2084 1618 Observarunt
2110 1572 2199 1617 iam
2225 1570 2398 1618 dudum

182 1642 365 1694 eruditi,
400 1639 784 1701 Cantabrigianum
807 1642 940 1690 Bezae
960 1643 1153 1689 codicem
1176 1642 1220 1686 in
1240 1641 1446 1701 plurimis
1465 1638 1611 1686 nostro
1633 1638 1881 1695 concinere,
1915 1653 2042 1698 atque
2062 1638 2107 1683 id
2126 1639 2200 1693 ita,
2219 1652 2267 1682 ut
2288 1638 2399 1684 dum

181 1725 207 1755 a
227 1707 394 1769 vulgari
423 1704 610 1753 leffione
630 1708 832 1753 codicum
856 1709 1116 1755 Graecorum
1146 1708 1236 1754 abit
1253 1706 1545 1767 Ulphilanus‚
1580 1706 1697 1752 hune
1728 1701 1819 1750 sere
1851 1702 2074 1750 auilorern
2103 1703 2272 1754 habe-at.
2340 1707 2399 1752 Et

185 1788 338 1820 notatu
358 1771 655 1834 digniffimum
675 1776 897 1833 reputavi,
931 1775 1053 1834 quod
1079 1772 1226 1820 versus
1245 1774 1341 1829 ille,
1376 1789 1507 1831 quem
1531 1774 1575 1817 in
1595 1768 1853 1832 praefatione
1873 1770 2068 1832 Ulphilae
2087 1768 2283 1816 illustrati
2301 1768 2402 1831 post

183 1843 290 1890 Luc.
308 1841 380 1896 IX,
404 1853 482 1894 50.
517 1839 563 1883 in
582 1839 729 1884 codice
746 1855 951 1900 argenteo
971 1839 1267 1886 intercalarem
1285 1838 1418 1884 veluti
1440 1836 1521 1884 esse
1539 1835 1792 1896 subnotavi,
1824 1837 1959 1896 inque
1980 1837 2099 1882 nulla
2120 1834 2308 1883 versione
2328 1854 2400 1882 an·

184 1907 306 1965 tiqua
328 1920 468 1950 extare
499 1904 681 1961 tradidi,
715 1906 760 1950 in
789 1908 923 1951 veteri
952 1905 1142 1955 verfione
1168 1905 1297 1951 latina
1326 1902 1479 1950 inserta
1511 1903 1799 1964 evangeliario
1832 1901 1959 1949 celeb.
1986 1897 2228 1953 Blanclzmi
2247 1905 2400 1948 Romae

127 2012 131 2017 Α
181 1987 279 2018 ante
296 1987 464 2032 paucos
481 1987 617 2016 annos
639 1968 861 2031 impresso,
883 1988 982 2018 cum
1007 1972 1150 2031 aliqua
1171 1986 1314 2017 tamen
1335 1972 1572 2016 variatione
1592 1970 1852 2030 reperiatur.
1887 1967 1935 2029 '‘)
2002 1967 2155 2014 Debeo
2176 1967 2259 2014 hoc
2281 1969 2400 2014 indi-

147 2098 150 2099 7
181 2039 250 2085 cio
272 2038 549 2084 eruditorum
571 2036 955 2097 Goettingenfium,
987 2039 1066 2097 qui
1087 2038 1194 2083 dum
1220 2036 1458 2097 Ulphilana
1479 2035 1622 2081 nostra
1641 2033 1810 2081 summa
1831 2035 2034 2080 comitate
2063 2035 2108 2079 in
2127 2034 2393 2081 relationum

180 2101 388 2151 fasciculo
407 2104 484 2150 111.
513 2100 782 2158 recensuere:
819 2105 933 2149 varia
953 2102 1079 2150 dossla
1100 2101 1195 2149 sane
1221 2104 1261 2149 ἃ
1282 2119 1474 2163 quorum
1499 2119 1573 2148 eos
1593 2103 1806 2163 poenitere
1832 2118 1921 2146 non
1941 2100 2091 2156 debet,
2128 2098 2282 2146 nostris
2306 2119 2396 2147 me-

156 2208 160 2212 .
180 2169 464 2218 ditationibus
482 2170 725 2218 adiunxere.
796 2173 897 2215 Nos
917 2187 1021 2215 vero
1043 2169 1071 2216 fi
1090 2170 1210 2216 brevi
1232 2170 1311 2215 hac
1332 2169 1477 2230 opella
1498 2169 1542 2213 in
1563 2165 1727 2214 diversa
1745 2166 1798 2213 ab
1818 2167 1905 2211 illis
1928 2167 2124 2222 abimus,
2159 2181 2246 2214 tarn
2269 2184 2395 2229 aequo

179 2238 329 2285 animo
349 2235 494 2285 nostra
509 2237 743 2297 accipiant,
779 2253 912 2295 quam
931 2254 1011 2284 nos
1033 2237 1215 2283 illorum
1237 2234 1352 2293 crifi,
1386 2235 1461 2281 ubi
1489 2235 1610 2294 licet,
1644 2234 1839 2281 lubentes
1859 2231 2137 2295 assurgimus,

1149 2395 1188 2452 ς.
1256 2393 1413 2442 xvm.

287 2505 376 2556 ,De
399 2502 610 2552 industria
635 2502 1038 2562 hucusqueintasta
1066 2501 1293 2550 omisimus
1325 2502 1396 2563 illa
1423 2513 1700 2561 argumenta,
1730 2498 1892 2559 quibus
1924 2501 1984 2546 uti
2014 2498 2161 2549 voluit
2189 2499 2392 2549 celeberr.

173 2568 432 2635 Hickqfius‚
465 2573 509 2616 in
531 2569 687 2629 quibus
706 2566 947 2616 refutandis
967 2572 1052 2616 iam
1074 2570 1294 2616 breviores
1316 2567 1394 2614 effe
1423 2565 1672 2628 poffumu8‚
1709 2582 1844 2624 quum
1865 2584 1946 2627 per
1966 2584 2086 2612 antea
2106 2565 2217 2613 ἁίξὶε
2238 2583 2394 2613 eorum

176 2653 333 2684 nervos
354 2634 449 2684 satis
471 2635 597 2683 elisos
616 2651 843 2699 putemus.
915 2637 1053 2701 Qud
1071 2637 1189 2682 enim
1220 2635 1275 2683 ad
1301 2631 1555 2682 consensum
1583 2632 1735 2678 attinet
1762 2632 1966 2680 codicum
1990 2633 2251 2690 latinorum,
2286 2633 2413 2691 quo?
2465 2685 2467 2687 ¹

2281 2714 2386 2746 rum

230 2856 273 2906 ³¹)
301 2857 453 2897 Codicis
471 2858 640 2910 argentei
665 2854 786 2897 versus
811 2855 918 2895 hunc
940 2853 1089 2895 sensum
1115 2868 1162 2895 ex
1179 2851 1405 2894 Benzeliana
1431 2852 1674 2893 translatione
1697 2852 1831 2892 habet:
1859 2865 1919 2890 nec
1935 2850 2024 2890 ullus
2042 2849 2089 2902 cst
2105 2851 2281 2889 hominum
2293 2879 2305 2898 ‚
2332 2851 2394 2902 qui

285 2911 479 2960 nonfaciat
495 2909 660 2949 miracula
678 2913 715 2949 in
731 2911 867 2948 nomine
882 2921 974 2947 meo:
1002 2922 1086 2960 quae
1104 2907 1214 2948 verba
1233 2909 1274 2946 in
1290 2917 1500 2946 memorata
1517 2906 1682 2946 versione
1709 2908 1762 2945 ita
1777 2905 1930 2959 plenius
1950 2903 2162 2956 efferuntur
2171 2917 2179 2942 :
2209 2903 2326 2944 Nemo
2343 2902 2392 2954 ast
2453 2939 2455 2942 .

286 2963 394 3012 euim,
421 2964 481 3013 qui
499 2963 693 3014 nonfaciat
711 2964 879 3002 virtutem
894 2963 931 3000 in
946 2964 1080 3001 nomine
1098 2975 1189 3010 meo,
1215 2959 1402 3011 &poterit
1420 2957 1507 2999 male
1522 2958 1616 3011 loqui
1642 2958 1682 2999 de
1700 2971 1768 3004 mn
