2473 3380
133 176 244 210 ,100
926 143 1542 202 PRAEFATJO.

148 288 272 329 rum,
303 269 333 317 si
352 272 469 316 hunc
491 265 742 315 thesaurum
765 266 925 312 diutius
946 260 1206 316 delitescere,
1243 276 1330 304 non
1358 258 1524 307 sineret.
1595 260 1823 317 Ceterum,
1865 256 2018 306 aussor
2046 255 2134 316 fui,
2171 272 2221 306 ut
2250 275 2343 307 om-

149 355 273 393 nem,
309 353 441 396 quam
463 333 625 398 posset,
661 338 772 380 inter
792 329 1118 377 exscribendum
1147 325 1374 394 adhiberet
1403 323 1680 382 industriam,
1719 327 1839 385 quod
1866 343 1917 372 ne
1949 323 2104 373 frustra
2135 325 2349 372 monuisse

148 402 434 460 existimarer,
468 404 596 463 petii,
630 416 678 446 ut
698 399 871 450 videret,
905 411 1048 440 annon
1070 410 1153 454 pro
1173 390 1519 457 andstandamds
1538 390 1672 436 codex
1691 394 1781 438 eius
1805 391 2138 457 andstandands
2158 392 2348 447 haberet,

150 488 294 518 annon
317 487 399 531 pro
420 467 548 516 doma
568 466 776 526 scriptum
800 460 898 506 esset
918 460 1054 514 dona,
1091 460 1224 518 idque
1244 458 1604 517 coniungendum
1624 473 1723 502 cum
1745 460 1884 518 priori
1905 459 2064 520 wisan,
2102 475 2244 519 quum
2265 459 2351 503 hoc

153 555 201 583 ex
229 538 388 597 litiguae
417 534 614 580 Gothicae
651 532 780 591 genio
811 528 1098 588 participium
1129 523 1258 579 esset,
1310 541 1386 569 nec
1415 523 1676 569 vocabulum
1711 524 1861 569 iudicii
1895 526 2144 572 admitteret
2180 523 2351 581 sensns3

153 606 325 649 tandem
347 615 489 646 annon
511 599 630 645 idem
652 593 806 657 insum
823 600 861 641 ei
882 591 1218 646 observandum,
1255 591 1375 650 quod
1397 587 1580 636 iunE’tim
1610 587 1771 636 leffium
1792 590 2046 637 abverbium
2078 590 2257 638 caussale
2276 588 2351 644 est,

154 669 279 728 quale
302 665 441 712 sensus
461 666 555 709 heic
575 663 769 721 requirit.
839 663 893 706 Et
915 661 1037 719 quod
1056 676 1207 705 verum
1230 654 1335 713 fuit,
1372 674 1442 702 me
1463 654 1713 711 coniecisse,
1747 654 1920 703 testatur
1948 658 2035 702 iam
2058 659 2193 703 editio
2217 657 2351 708 Knit·

152 736 338 782 telt'ana.
410 735 570 776 Interea
591 745 728 789 quum
750 727 794 774 id
812 729 857 773 in
879 723 1098 787 praesentia
1120 740 1337 786 ageretur,
1372 738 1422 769 ut
1458 720 1713 787 Ulphila'na
1744 723 1833 767 haec
1861 740 1990 782 quam
2019 722 2257 769 fidelissime
2287 739 2355 767 ex-

153 801 431 853 hiberentur,
466 813 647 856 operam
668 812 808 841 meam
825 831 834 849 ,
871 795 948 852 qui
977 792 1186 838 similibus
1212 788 1440 837 tractandis
1469 789 1792 849 aliquantulum
1820 787 2110 849 adsvex‘eram,
2143 790 2261 836 ultro
2282 788 2357 835 ob-

154 866 259 922 tuli,
296 863 426 926 ipsius
447 865 621 923 optioni
641 863 911 920 relinquens,
946 874 1097 904 utrum
1127 858 1338 904 Codicem
1369 873 1471 904 cum
1498 872 1616 902 certo
1647 861 1803 901 nuntio
1833 855 1920 901 huc
1939 858 2196 902 trasmittere
2218 855 2358 909 vellet,

156 950 208 981 an
231 949 334 979 vero
355 928 487 976 sinere
503 962 515 984 ‚
551 944 599 974 ut
621 929 877 988 quempiam
899 943 980 986 ego
1000 926 1103 971 illuc
1122 924 1364 984 ablegarem
1378 961 1389 981 ,
1426 924 1501 983 qui
1523 921 1680 969 sociam
1710 925 1891 982 operam
1919 919 2153 970 conferret.
2223 923 2359 984 Quod

155 1016 261 1046 vero
281 1015 362 1057 ego
382 996 561 1041 candide
583 995 624 1041 <Sc
644 995 787 1040 dextra
811 992 1131 1046 manuobtuli,
1175 991 1242 1035 ille
1271 989 1373 1036 laeva
1401 988 1738 1049 accepit,rquafi
1768 1005 1871 1034 vero
1903 1005 1984 1048 ego
2013 988 2120 1034 hanc
2151 985 2229 1048 ipsi
2257 987 2357 1033 ado-

155 1081 276 1112 ream
297 1063 557 1116 inviderem,
589 1076 662 1107 aut
691 1059 823 1120 ipsius
857 1060 992 1104 animi
1021 1058 1342 1116 oculorumque
1370 1056 1477 1103 aciei
1503 1057 1649 1100 minus
1680 1053 1960 1104 confiderem.
2032 1055 2165 1118 Qiod
2196 1056 2247 1099 ad
2274 1054 2360 1099 hoc

153 1146 265 1177 'vero
286 1132 455 1184 attinet,
489 1128 516 1174 si
534 1126 675 1172 secum
697 1126 877 1177 habitet,
912 1126 1098 1169 inveniet
1119 1138 1253 1180 certe,
1289 1123 1333 1168 id
1354 1139 1424 1168 me
1444 1119 1611 1177 feciffe,
1645 1121 1766 1180 quod
1787 1121 2030 1167 amicorum
2052 1124 2142 1167 eius
2161 1122 2358 1181 optimus

161 1194 302 1244 facere
322 1192 553 1248 debuiffet,
588 1209 668 1252 per
696 1192 810 1236 lenes
838 1189 1336 1250 ambages‘admonens,
1372 1187 1615 1233 istiusmodi
1645 1186 1885 1233 institutum
1918 1188 1971 1234 ab
2003 1205 2055 1234 eo
2083 1185 2242 1247 suscipi
2271 1202 2360 1231 non

164 1263 341 1317 debere,
373 1262 449 1319 qui
473 1262 515 1304 in
536 1260 620 1304 hoc
641 1274 800 1312 campo
829 1257 957 1317 plane
985 1256 1130 1313 άμενος
1160 1269 1263 1304 erat.
1333 1255 1379 1299 Si·
1408 1255 1506 1313 quis
1541 1254 1774 1318 Salmafii's
1805 1253 2103 1302 Gronoviisve
2133 1255 2360 1312 iniungere

163 1326 387 1382 voluisset,
420 1339 471 1373 ut
488 1325 698 1371 Codicem
722 1321 915 1368 nostrum
938 1326 1206 1381 Argenteum
1226 1320 1421 1376 ederent,
1455 1318 1698 1366 abnuissent
1716 1319 1831 1365 haud
1855 1320 2008 1374 dubie,
2042 1321 2082 1366 ἃ
2107 1320 2223 1365 hunc
2244 1319 2359 1364 Rho-

165 1394 272 1441 dum
299 1391 379 1439 esse
398 1390 628 1452 negassent,
664 1389 739 1436 ubi
761 1389 823 1434 illi
842 1386 992 1433 saltare
1014 1386 1187 1444 vellent,
1223 1389 1289 1432 uti
1315 1404 1391 1432 nec
1411 1383 1534 1431 facile
1557 1388 1728 1432 veniam
1754 1388 2021 1447 impetraret,
2053 1388 2129 1446 qui
2153 1403 2188 1432 e.
2209 1403 2241 1431 c.
2265 1384 2361 1432 Ho-

164 1465 277 1509 meri
298 1476 439 1520 nuper
459 1461 675 1503 inventam
697 1456 912 1515 quandam
934 1450 1214 1513 rhapsodiam
1236 1470 1336 1499 cum
1365 1455 1690 1498 commentariis
1707 1452 1831 1497 edere
1849 1453 2039 1509 auderet,
2071 1452 2100 1499 fi
2121 1450 2211 1512 ipse
2233 1449 2365 1515 Aefi-

164 1537 275 1594 pum
298 1525 497 1572 nondum
517 1525 714 1575 triverat,
759 1536 833 1567 aut
859 1519 889 1566 fi
918 1519 1027 1565 ultra
1056 1536 1145 1565 non
1174 1517 1364 1580 saperet,
1409 1535 1540 1579 quam
1572 1518 1715 1578 quoad
1747 1519 1898 1575 lexim,
1940 1520 1995 1564 ad
2021 1517 2208 1580 singulas
2237 1535 2364 1564 voces

168 1591 382 1647 consulta,
412 1591 703 1637 eruditionem
724 1588 765 1634 ὅ(
787 1587 948 1633 bonam
970 1601 1159 1631 mentem
1183 1586 1390 1636 inderent,
1460 1588 1570 1631 Non
1602 1586 1754 1631 ultima
1783 1583 1967 1637 scientiae
1997 1602 2096 1646 pars
2126 1582 2207 1641 est,
2242 1583 2364 1644 scire,

164 1674 380 1720 ‚quantum
399 1655 653 1703 nesciamus.
723 1653 858 1718 Qiod
878 1670 980 1698 vero
1001 1652 1155 1697 deinde
1174 1655 1253 1708 ait,
1284 1669 1354 1698 me
1373 1650 1471 1713 post
1489 1652 1598 1698 hanc
1617 1648 1856 1712 repulsam,
1892 1650 2031 1698 nescio
2052 1650 2231 1711 quibus,
2266 1652 2365 1697 arti·

164 1727 248 1773 bus
269 1722 537 1771 clandestinis
558 1721 843 1767 nihilominus
864 1720 967 1765 huic
986 1716 1231 1779 fragmento
1253 1716 1540 1776 imminuisse,
1574 1736 1662 1765 non
1682 1717 1762 1778 ipfi
1779 1718 1966 1778 adligno,
2001 1716 2069 1764 sed
2088 1720 2196 1774 viro,
2233 1733 2365 1776 quem

168 1790 376 1837 illustrem
406 1804 552 1841 vocat,
597 1789 675 1847 qui
701 1787 808 1832 boni
836 1787 917 1830 viri
944 1785 1193 1831 credulitate
1218 1785 1335 1831 abuti
1365 1786 1522 1832 voluit.
1610 1786 1831 1831 Nominat
1860 1783 1946 1842 S*,
1998 1801 2127 1843 quem
2157 1784 2368 1849 principi

170 1858 342 1907 Svecia’
371 1853 665 1904 Heme-litarat)
694 1871 717 1898 a
744 1850 895 1897 studiis
918 1848 1064 1907 fuiss'e,
1102 1853 1182 1905 ait,
1213 1868 1431 1910 quemque
1460 1868 1567 1911 ego,
1603 1851 1701 1896 inde
1731 1866 1983 1907 avocatum,
2019 1847 2366 1914 Guelferbytum

168 1924 222 1970 ad
243 1939 425 1969 aureum
443 1921 530 1966 hoc
546 1920 683 1965 vellus
704 1915 989 1964 auferendum
1009 1915 1198 1962 miserim
1213 1954 1223 1973 ,
1256 1915 1327 1962 sed
1349 1918 1424 1976 qui
1455 1918 1507 1962 ad
1530 1914 1714 1962 insulam
1736 1918 1906 1963 Malmt'i
1929 1916 2053 1975 (urbs
2074 1916 2132 1962 est
2165 1918 2208 1961 in
2229 1918 2365 1962 conti·

171 1991 289 2035 nenti
310 1988 489 2046 Scaniae)
508 1984 787 2046 naufragium
808 1981 969 2029 fecerit.
1040 1987 1149 2030 Nori
1176 1998 1377 2044 poterant
1396 1984 1521 2044 plura
1541 1982 1723 2029 absurda
1750 1999 1838 2029 tam
1866 1985 2012 2042 paucis
2036 1983 2366 2043 comprehendi.

169 2055 276 2104 Nec
293 2056 412 2100 enim
433 2051 496 2099 S*
517 2067 604 2098 tam
621 2049 870 2097 honorifico
893 2051 1065 2096 muneri
1085 2062 1280 2109 unquam
1307 2050 1510 2095 admotus
1543 2047 1650 2097 fuit:
1683 2066 1761 2095 nec
1781 2049 1810 2095 fi
1836 2046 2001 2106 fuisset,
2034 2066 2115 2110 ego
2145 2067 2246 2096 eum
2266 2048 2366 2095 inde

170 2119 412 2168 abduElum
432 2120 486 2165 ad
507 2117 833 2164 exscribendum
856 2115 1100 2181 Ulplzzlam
1121 2117 1348 2162 amandare
1368 2115 1620 2177 potuissem.
1693 2116 1841 2162 Immo
1862 2120 1929 2162 vir
1958 2117 2050 2169 hic,
2088 2116 2141 2161 de
2167 2132 2256 2175 quo
2280 2116 2368 2175 agi—

168 2203 263 2244 tur,
296 2204 384 2232 non
403 2186 653 2245 inelegantis
675 2184 854 2243 quidem
879 2185 1040 2242 ingenii
1061 2180 1166 2238 fuit,
1202 2181 1273 2228 sed
1292 2185 1368 2241 qui
1393 2183 1487 2228 aliis
1507 2184 1675 2229 deditus
1698 2181 1908 2238 scientiis,
1946 2184 1997 2228 de
2023 2181 2206 2248 Ulphz'la
2232 2179 2367 2228 fando

103 2312 106 2313 ⁷
169 2250 316 2300 forsan
337 2254 405 2297 vix
424 2252 651 2310 quidpiam
672 2251 857 2310 accepit,
894 2266 942 2294 ut
962 2250 1068 2295 adeo
1095 2249 1148 2294 ad
1177 2249 1262 2294 hoc
1291 2250 1516 2310 negotium
1545 2251 1606 2295 nil
1635 2249 1753 2295 aliud
1785 2246 1952 2295 adferre
1980 2249 2198 2309 potuerit,
2234 2264 2369 2306 quam

171 2317 263 2380 ipse
291 2318 555 2373 Knlttelms,
599 2318 850 2376 imperitam
886 2317 1065 2374 inquam
1097 2314 1370 2363 industriam.
1442 2315 1524 2361 Sed
1553 2316 1643 2361 haec
1670 2313 1902 2362 hastenus:
1960 2331 2074 2359 nunc
2100 2314 2152 2358 ad
2186 2311 2371 2360 instituti

171 2387 259 2432 mei
279 2382 792 2430 rationemenarrandam
815 2383 1024 2441 proprius
1046 2398 1115 2425 me
1137 2382 1331 2440 accingo.
1401 2383 1592 2426 Textum
1612 2378 1757 2440 ipsum
1777 2380 1911 2424 talem*
1924 2379 2020 2426 heic
2040 2378 2228 2430 exhibui,
2267 2394 2371 2439 qua·-

171 2452 259 2497 lem
282 2452 441 2496 invenit
470 2449 742 2503 Knittelius,
775 2445 850 2492 nifi
879 2447 997 2505 quod
1024 2446 1285 2505 compendia
1314 2443 1563 2506 scriptionis
1593 2446 1720 2505 plene
1749 2461 1910 2491 exarata
1942 2446 2052 2492 dedi.
2125 2449 2224 2493 Nec
2254 2447 2371 2505 quis·

173 2534 303 2583 qnam
325 2518 436 2562 mihi
455 2518 564 2572 vitio
583 2529 739 2569 vertet,
767 2512 795 2558 fi
819 2512 1000 2558 editioni
1034 2509 1389 2573 Guelferbytanae
1418 2510 1593 2568 adhaesi,
1627 2513 1754 2557 etiam
1782 2512 1859 2557 uhi
1887 2511 2014 2558 obelo
2043 2512 2276 2559 notandam
2299 2529 2372 2557 ar*-

143 2631 145 2633 ,
171 2582 354 2637 bitratus
374 2581 484 2632 sum,
532 2581 696 2627 'Malui
716 2580 832 2625 enim
854 2577 988 2638 paulo
1010 2578 1210 2623 timidior
1235 2575 1340 2630 effe,
1377 2595 1508 2637 quam
1534 2594 1618 2638 pro
1639 2595 1739 2624 meo
1766 2579 1973 2624 arbitratu
1996 2580 2224 2640 quidpiam
2247 2578 2372 2625 indu-

183 2666 298 2694 cere:
335 2650 413 2695 ubi
438 2665 580 2694 tamen
600 2646 837 2710 typothetae
857 2661 979 2690 error
1000 2660 1108 2697 erat,
1144 2661 1231 2689 non
1250 2660 1353 2690 vero
1383 2642 1676 2699 exscribentis,
1711 2645 1865 2690 inutile
1885 2645 2008 2702 duxi,
2041 2646 2158 2692 hisce
2177 2646 2370 2691 minutiis

181 2713 389 2761 leeiorem
413 2715 600 2761 detinere
650 2729 692 2761 ν.
714 2729 809 2773 cap.
838 2726 908 2772 13Q
936 2724 1013 2767 13.
1059 2727 1129 2770 15,
1153 2727 1198 2768 9.
1268 2712 1590 2757 Annotationes
1616 2711 1781 2771 deinde!
1801 2712 2009 2771 quasdam
2041 2711 2218 2767 addidi,
2253 2728 2360 2770 quas

181 2781 361 2825 ulterius
380 2799 468 2827 non
498 2779 691 2833 extendi,
728 2794 861 2838 quam
894 2778 1040 2837 quoad
1067 2776 1232 2836 aliquid
1262 2778 1314 2822 ad
1345 2778 1635 2838 philologiam
1664 2778 1904 2824 Gothicam
1930 2780 2147 2839 pertinens
2175 2772 2368 2823 adferen-

183 2845 289 2893 dum
312 2861 421 2901 erat,
454 2862 526 2893 aut
547 2848 677 2893 etiam
695 2843 825 2891 leffio
852 2846 1132 2893 Kmtielianoe
1157 2844 1439 2892 emendanda.
1512 2847 1728 2903 Frquum
1756 2844 1831 2891 sub
1860 2846 1975 2890 hisce
2005 2857 2081 2904 per
2103 2841 2369 2890 occasionem

183 2910 353 2971 aliquid
379 2910 667 2960 differendum
694 2909 829 2961 fuerit
859 2912 910 2959 de
939 2925 1090 2958 natura
1119 2910 1359 2959 verborum
1386 2910 1505 2974 apud
1529 2909 1677 2960 Moeso
1706 2912 1881 2961 Gothos
1890 2947 1903 2969 ‚
1952 2909 2096 2958 distuli
2122 2909 2371 2973 pleniorem

2238 2977 2386 3031 huius,
