<?xml version="1.0" encoding="UTF-8"?>
<!DOCTYPE html PUBLIC "-//W3C//DTD XHTML 1.0 Transitional//EN"
    "http://www.w3.org/TR/xhtml1/DTD/xhtml1-transitional.dtd">
<html xmlns="http://www.w3.org/1999/xhtml" xml:lang="en" lang="en">
 <head>
  <title>
</title>
<meta http-equiv="Content-Type" content="text/html;charset=utf-8" />
  <meta name='ocr-system' content='tesseract 3.04.00' />
  <meta name='ocr-capabilities' content='ocr_page ocr_carea ocr_par ocr_line ocrx_word'/>
</head>
<body>
  <div class='ocr_page' id='page_1' title='image "./johannisabihresc00ihre_0016.png"; bbox 0 0 2473 3380; ppageno 0'>
   <div class='ocr_carea' id='block_1_1' title="bbox 148 74 1578 178">
    <p class='ocr_par' dir='ltr' id='par_1_1' title="bbox 148 74 1578 178">
     <span class='ocr_line' id='line_1_1' title="bbox 148 74 1578 178; baseline 0 -16"><span class='ocrx_word' id='word_1_1' title='bbox 148 132 179 178; x_wconf 70' lang='lat'><em>5</em></span> <span class='ocrx_word' id='word_1_2' title='bbox 914 74 1578 164; x_wconf 32' lang='lat' dir='ltr'><em>&#39;PRAEFATIQ</em></span> 
     </span>
    </p>
   </div>
   <div class='ocr_carea' id='block_1_2' title="bbox 149 218 2362 2860">
    <p class='ocr_par' dir='ltr' id='par_1_2' title="bbox 150 218 1759 357">
     <span class='ocr_line' id='line_1_2' title="bbox 150 218 1759 290; baseline -0.011 -3"><span class='ocrx_word' id='word_1_3' title='bbox 150 241 280 287; x_wconf 78' lang='lat' dir='ltr'>Lucae</span> <span class='ocrx_word' id='word_1_4' title='bbox 347 231 434 287; x_wconf 85' lang='lat' dir='ltr'>VI,</span> <span class='ocrx_word' id='word_1_5' title='bbox 467 239 550 288; x_wconf 86' lang='lat'>40.</span> <span class='ocrx_word' id='word_1_6' title='bbox 582 224 630 272; x_wconf 91' lang='lat' dir='ltr'>in</span> <span class='ocrx_word' id='word_1_7' title='bbox 648 236 785 272; x_wconf 88' lang='lat' dir='ltr'>textu:</span> <span class='ocrx_word' id='word_1_8' title='bbox 817 223 1125 290; x_wconf 81' lang='lat' dir='ltr'>gamanwids,</span> <span class='ocrx_word' id='word_1_9' title='bbox 1169 225 1215 269; x_wconf 86' lang='lat' dir='ltr'>in</span> <span class='ocrx_word' id='word_1_10' title='bbox 1252 225 1474 285; x_wconf 76' lang='lat' dir='ltr'>margine:</span> <span class='ocrx_word' id='word_1_11' title='bbox 1511 218 1759 289; x_wconf 60' lang='lat' dir='ltr'>ustauhans.</span> 
     </span>
     <span class='ocr_line' id='line_1_3' title="bbox 473 286 1548 357; baseline 0 -19"><span class='ocrx_word' id='word_1_12' title='bbox 473 307 557 356; x_wconf 80' lang='lat'>49.</span> <span class='ocrx_word' id='word_1_13' title='bbox 594 295 639 338; x_wconf 86' lang='lat' dir='ltr'>in</span> <span class='ocrx_word' id='word_1_14' title='bbox 656 306 794 338; x_wconf 80' lang='lat' dir='ltr'>textu:</span> <span class='ocrx_word' id='word_1_15' title='bbox 816 289 993 357; x_wconf 85' lang='lat' dir='ltr'>flodus,</span> <span class='ocrx_word' id='word_1_16' title='bbox 1028 292 1074 336; x_wconf 89' lang='lat' dir='ltr'>in</span> <span class='ocrx_word' id='word_1_17' title='bbox 1101 292 1322 352; x_wconf 82' lang='lat' dir='ltr'>margine:</span> <span class='ocrx_word' id='word_1_18' title='bbox 1355 286 1490 353; x_wconf 80' lang='lat' dir='ltr'>aqha.</span> <span class='ocrx_word' id='word_1_19' title='bbox 1544 341 1548 342; x_wconf 16' lang='lat'><em>⁷</em></span> 
     </span>
    </p>

    <p class='ocr_par' dir='ltr' id='par_1_3' title="bbox 352 351 1763 422">
     <span class='ocr_line' id='line_1_4' title="bbox 352 351 1763 422; baseline -0.004 -13"><span class='ocrx_word' id='word_1_20' title='bbox 352 362 464 418; x_wconf 89' lang='lat' dir='ltr'>VII,</span> <span class='ocrx_word' id='word_1_21' title='bbox 500 372 577 422; x_wconf 81' lang='lat'>32.</span> <span class='ocrx_word' id='word_1_22' title='bbox 616 359 661 404; x_wconf 85' lang='lat' dir='ltr'>in</span> <span class='ocrx_word' id='word_1_23' title='bbox 689 372 829 404; x_wconf 87' lang='lat' dir='ltr'>textu:</span> <span class='ocrx_word' id='word_1_24' title='bbox 861 355 1198 422; x_wconf 79' lang='lat' dir='ltr'><strong><em>gaunodedum,</em></strong></span> <span class='ocrx_word' id='word_1_25' title='bbox 1244 357 1289 401; x_wconf 89' lang='lat' dir='ltr'>in</span> <span class='ocrx_word' id='word_1_26' title='bbox 1317 357 1537 416; x_wconf 82' lang='lat' dir='ltr'>margine:</span> <span class='ocrx_word' id='word_1_27' title='bbox 1583 351 1763 416; x_wconf 64' lang='lat' dir='ltr'>bufam</span> 
     </span>
    </p>

    <p class='ocr_par' dir='ltr' id='par_1_4' title="bbox 351 416 1725 487">
     <span class='ocr_line' id='line_1_5' title="bbox 351 416 1725 487; baseline -0.007 -13"><span class='ocrx_word' id='word_1_28' title='bbox 351 430 480 484; x_wconf 88' lang='lat' dir='ltr'>VIII,</span> <span class='ocrx_word' id='word_1_29' title='bbox 516 440 593 487; x_wconf 84' lang='lat'>27.</span> <span class='ocrx_word' id='word_1_30' title='bbox 629 426 675 470; x_wconf 88' lang='lat' dir='ltr'>in</span> <span class='ocrx_word' id='word_1_31' title='bbox 694 434 832 469; x_wconf 69' lang='lat' dir='ltr'>textu:</span> <span class='ocrx_word' id='word_1_32' title='bbox 868 420 1160 478; x_wconf 78' lang='lat' dir='ltr'>unhulclzons,</span> <span class='ocrx_word' id='word_1_33' title='bbox 1197 423 1243 467; x_wconf 91' lang='lat' dir='ltr'>in</span> <span class='ocrx_word' id='word_1_34' title='bbox 1268 424 1489 483; x_wconf 83' lang='lat' dir='ltr'>margine:</span> <span class='ocrx_word' id='word_1_35' title='bbox 1511 416 1725 485; x_wconf 75' lang='lat' dir='ltr'><em>skohsla.</em></span> 
     </span>
    </p>

    <p class='ocr_par' dir='ltr' id='par_1_5' title="bbox 354 485 1756 552">
     <span class='ocr_line' id='line_1_6' title="bbox 354 485 1756 552; baseline -0.006 -11"><span class='ocrx_word' id='word_1_36' title='bbox 354 497 438 551; x_wconf 87' lang='lat' dir='ltr'>1X,</span> <span class='ocrx_word' id='word_1_37' title='bbox 481 509 553 540; x_wconf 85' lang='lat'>12.</span> <span class='ocrx_word' id='word_1_38' title='bbox 588 493 633 536; x_wconf 88' lang='lat' dir='ltr'>in</span> <span class='ocrx_word' id='word_1_39' title='bbox 652 504 792 538; x_wconf 86' lang='lat' dir='ltr'>textu:</span> <span class='ocrx_word' id='word_1_40' title='bbox 829 485 1129 552; x_wconf 75' lang='lat' dir='ltr'>mamzfiidai,</span> <span class='ocrx_word' id='word_1_41' title='bbox 1163 490 1209 534; x_wconf 87' lang='lat' dir='ltr'>in</span> <span class='ocrx_word' id='word_1_42' title='bbox 1231 492 1448 549; x_wconf 83' lang='lat' dir='ltr'>margine:</span> <span class='ocrx_word' id='word_1_43' title='bbox 1499 490 1756 552; x_wconf 73' lang='lat' dir='ltr'><strong><em>managein.</em></strong></span> 
     </span>
    </p>

    <p class='ocr_par' dir='ltr' id='par_1_6' title="bbox 482 550 2359 688">
     <span class='ocr_line' id='line_1_7' title="bbox 482 550 2359 620; baseline -0.003 -18"><span class='ocrx_word' id='word_1_44' title='bbox 482 574 555 619; x_wconf 81' lang='lat'>34.</span> <span class='ocrx_word' id='word_1_45' title='bbox 586 566 631 603; x_wconf 85' lang='lat' dir='ltr'>in</span> <span class='ocrx_word' id='word_1_46' title='bbox 651 571 790 602; x_wconf 84' lang='lat' dir='ltr'>textu:</span> <span class='ocrx_word' id='word_1_47' title='bbox 826 571 1012 620; x_wconf 81' lang='lat' dir='ltr'>quemun</span> <span class='ocrx_word' id='word_1_48' title='bbox 1032 559 1078 603; x_wconf 84' lang='lat' dir='ltr'>in</span> <span class='ocrx_word' id='word_1_49' title='bbox 1099 552 1299 603; x_wconf 76' lang='lat' dir='ltr'>thamma</span> <span class='ocrx_word' id='word_1_50' title='bbox 1319 554 1551 610; x_wconf 67' lang='lat' dir='ltr'>milhmin,</span> <span class='ocrx_word' id='word_1_51' title='bbox 1586 555 1631 600; x_wconf 87' lang='lat' dir='ltr'>in</span> <span class='ocrx_word' id='word_1_52' title='bbox 1660 554 1877 614; x_wconf 81' lang='lat' dir='ltr'>margine:</span> <span class='ocrx_word' id='word_1_53' title='bbox 1899 550 1985 617; x_wconf 80' lang='lat' dir='ltr'>J‘ah</span> <span class='ocrx_word' id='word_1_54' title='bbox 2004 555 2132 605; x_wconf 78' lang='lat' dir='ltr'>atim</span> <span class='ocrx_word' id='word_1_55' title='bbox 2157 557 2205 608; x_wconf 74' lang='lat' dir='ltr'>in</span> <span class='ocrx_word' id='word_1_56' title='bbox 2225 553 2359 606; x_wconf 73' lang='lat' dir='ltr'>milh-</span> 
     </span>
     <span class='ocr_line' id='line_1_8' title="bbox 628 622 1143 688; baseline -0.002 -18"><span class='ocrx_word' id='word_1_57' title='bbox 628 637 748 670; x_wconf 81' lang='lat' dir='ltr'>mam</span> <span class='ocrx_word' id='word_1_58' title='bbox 777 622 1143 688; x_wconf 72' lang='lat' dir='ltr'>atgaggandam.</span> 
     </span>
    </p>

    <p class='ocr_par' dir='ltr' id='par_1_7' title="bbox 352 683 1958 748">
     <span class='ocr_line' id='line_1_9' title="bbox 352 683 1958 748; baseline -0.002 -9"><span class='ocrx_word' id='word_1_59' title='bbox 352 694 476 748; x_wconf 85' lang='lat' dir='ltr'>XVI,</span> <span class='ocrx_word' id='word_1_60' title='bbox 517 699 594 748; x_wconf 66' lang='lat'>1&#39;3.</span> <span class='ocrx_word' id='word_1_61' title='bbox 629 690 675 733; x_wconf 90' lang='lat' dir='ltr'>in</span> <span class='ocrx_word' id='word_1_62' title='bbox 696 702 834 735; x_wconf 84' lang='lat' dir='ltr'>textu:</span> <span class='ocrx_word' id='word_1_63' title='bbox 892 683 1270 748; x_wconf 77' lang='lat' dir='ltr'>faihuthrailma,</span> <span class='ocrx_word' id='word_1_64' title='bbox 1317 689 1360 733; x_wconf 87' lang='lat' dir='ltr'>in</span> <span class='ocrx_word' id='word_1_65' title='bbox 1390 688 1607 748; x_wconf 78' lang='lat' dir='ltr'>margine:</span> <span class='ocrx_word' id='word_1_66' title='bbox 1657 689 1958 737; x_wconf 81' lang='lat' dir='ltr'>mammonim.</span> 
     </span>
    </p>

    <p class='ocr_par' dir='ltr' id='par_1_8' title="bbox 149 750 2362 2076">
     <span class='ocr_line' id='line_1_10' title="bbox 418 750 2357 815; baseline -0.002 -11"><span class='ocrx_word' id='word_1_67' title='bbox 418 762 564 804; x_wconf 88' lang='lat' dir='ltr'>Immo</span> <span class='ocrx_word' id='word_1_68' title='bbox 583 756 628 801; x_wconf 86' lang='lat' dir='ltr'>in</span> <span class='ocrx_word' id='word_1_69' title='bbox 651 750 798 815; x_wconf 89' lang='lat' dir='ltr'>ipsum</span> <span class='ocrx_word' id='word_1_70' title='bbox 818 770 982 802; x_wconf 79' lang='lat' dir='ltr'>textum</span> <span class='ocrx_word' id='word_1_71' title='bbox 1005 752 1165 800; x_wconf 83' lang='lat' dir='ltr'>alicubi</span> <span class='ocrx_word' id='word_1_72' title='bbox 1184 752 1391 814; x_wconf 83' lang='lat' dir='ltr'>irrepsisse</span> <span class='ocrx_word' id='word_1_73' title='bbox 1413 756 1546 799; x_wconf 85' lang='lat' dir='ltr'>varias</span> <span class='ocrx_word' id='word_1_74' title='bbox 1565 753 1783 799; x_wconf 83' lang='lat' dir='ltr'>eiusmodi</span> <span class='ocrx_word' id='word_1_75' title='bbox 1803 751 2033 812; x_wconf 71' lang='lat' dir='ltr'>leffiones,</span> <span class='ocrx_word' id='word_1_76' title='bbox 2068 753 2187 800; x_wconf 86' lang='lat' dir='ltr'>haud</span> <span class='ocrx_word' id='word_1_77' title='bbox 2209 751 2357 801; x_wconf 86' lang='lat' dir='ltr'>obscu-</span> 
     </span>
     <span class='ocr_line' id='line_1_11' title="bbox 153 820 2358 879; baseline -0.005 -2"><span class='ocrx_word' id='word_1_78' title='bbox 153 831 213 878; x_wconf 88' lang='lat' dir='ltr'>ris</span> <span class='ocrx_word' id='word_1_79' title='bbox 242 826 414 873; x_wconf 88' lang='lat' dir='ltr'>indiciis</span> <span class='ocrx_word' id='word_1_80' title='bbox 442 820 784 869; x_wconf 76' lang='lat' dir='ltr'><strong>observavimus.</strong></span> <span class='ocrx_word' id='word_1_81' title='bbox 861 824 923 868; x_wconf 88' lang='lat' dir='ltr'>Ita</span> <span class='ocrx_word' id='word_1_82' title='bbox 950 825 1056 867; x_wconf 90' lang='lat' dir='ltr'>Luc.</span> <span class='ocrx_word' id='word_1_83' title='bbox 1092 833 1134 874; x_wconf 86' lang='lat'>2,</span> <span class='ocrx_word' id='word_1_84' title='bbox 1162 831 1205 867; x_wconf 87' lang='lat'>2.</span> <span class='ocrx_word' id='word_1_85' title='bbox 1244 820 1335 866; x_wconf 85' lang='lat' dir='ltr'>illa:</span> <span class='ocrx_word' id='word_1_86' title='bbox 1366 822 1628 878; x_wconf 69' lang='grc' dir='ltr'>ἧγεμονέωυτος</span> <span class='ocrx_word' id='word_1_87' title='bbox 1648 829 1704 869; x_wconf 61' lang='grc' dir='ltr'>τῆς</span> <span class='ocrx_word' id='word_1_88' title='bbox 1726 824 1848 879; x_wconf 56' lang='grc' dir='ltr'>Συρίας</span> <span class='ocrx_word' id='word_1_89' title='bbox 1867 828 2045 879; x_wconf 65' lang='grc' dir='ltr'><em>κυςηνίου,</em></span> <span class='ocrx_word' id='word_1_90' title='bbox 2087 820 2358 868; x_wconf 80' lang='lat' dir='ltr'>redduntur:</span> 
     </span>
     <span class='ocr_line' id='line_1_12' title="bbox 153 883 2360 952; baseline -0.004 -11"><span class='ocrx_word' id='word_1_91' title='bbox 153 908 207 945; x_wconf 87' lang='lat' dir='ltr'>at</span> <span class='ocrx_word' id='word_1_92' title='bbox 225 898 284 941; x_wconf 79' lang='lat' dir='ltr'>wi</span> <span class='ocrx_word' id='word_1_93' title='bbox 308 891 447 939; x_wconf 80' lang='lat' dir='ltr'>andin</span> <span class='ocrx_word' id='word_1_94' title='bbox 468 889 653 937; x_wconf 74' lang='lat' dir='ltr'>kindina</span> <span class='ocrx_word' id='word_1_95' title='bbox 676 885 884 952; x_wconf 76' lang='lat' dir='ltr'>Syriais,</span> <span class='ocrx_word' id='word_1_96' title='bbox 918 889 947 935; x_wconf 82' lang='lat' dir='ltr'>i.</span> <span class='ocrx_word' id='word_1_97' title='bbox 980 905 1016 933; x_wconf 88' lang='lat' dir='ltr'>e.</span> <span class='ocrx_word' id='word_1_98' title='bbox 1041 884 1241 932; x_wconf 79' lang='lat' dir='ltr'>existente</span> <span class='ocrx_word' id='word_1_99' title='bbox 1271 884 1448 931; x_wconf 79' lang='lat' dir='ltr'>Praefide</span> <span class='ocrx_word' id='word_1_100' title='bbox 1482 885 1638 946; x_wconf 76' lang='lat' dir='ltr'>Syriae,</span> <span class='ocrx_word' id='word_1_101' title='bbox 1683 900 1779 943; x_wconf 83' lang='lat' dir='ltr'>quae</span> <span class='ocrx_word' id='word_1_102' title='bbox 1807 883 1939 929; x_wconf 83' lang='lat' dir='ltr'>verba</span> <span class='ocrx_word' id='word_1_103' title='bbox 1968 885 2219 931; x_wconf 80' lang='lat' dir='ltr'>immediate</span> <span class='ocrx_word' id='word_1_104' title='bbox 2251 889 2360 932; x_wconf 84' lang='lat' dir='ltr'>exci-</span> 
     </span>
     <span class='ocr_line' id='line_1_13' title="bbox 152 947 2359 1024; baseline -0.005 -17"><span class='ocrx_word' id='word_1_105' title='bbox 152 964 282 1024; x_wconf 89' lang='lat' dir='ltr'>piunt</span> <span class='ocrx_word' id='word_1_106' title='bbox 303 957 575 1023; x_wconf 82' lang='lat' dir='ltr'>raginondin</span> <span class='ocrx_word' id='word_1_107' title='bbox 586 951 775 1016; x_wconf 78' lang='lat' dir='ltr'>fizurim</span> <span class='ocrx_word' id='word_1_108' title='bbox 792 953 1080 1017; x_wconf 64' lang='lat' dir='ltr'>kyreinaiau,</span> <span class='ocrx_word' id='word_1_109' title='bbox 1115 951 1160 999; x_wconf 73' lang='lat' dir='ltr'>li.</span> <span class='ocrx_word' id='word_1_110' title='bbox 1181 968 1216 997; x_wconf 83' lang='lat' dir='ltr'>e.</span> <span class='ocrx_word' id='word_1_111' title='bbox 1240 953 1480 1011; x_wconf 75' lang='lat' dir='ltr'>imperante</span> <span class='ocrx_word' id='word_1_112' title='bbox 1502 952 1620 1011; x_wconf 84' lang='lat' dir='ltr'>Syris</span> <span class='ocrx_word' id='word_1_113' title='bbox 1646 947 1878 1012; x_wconf 82' lang='lat' dir='ltr'>Cyrenaeo.</span> <span class='ocrx_word' id='word_1_114' title='bbox 1944 953 2094 997; x_wconf 89' lang='lat' dir='ltr'>Nemo</span> <span class='ocrx_word' id='word_1_115' title='bbox 2124 968 2213 996; x_wconf 87' lang='lat' dir='ltr'>non</span> <span class='ocrx_word' id='word_1_116' title='bbox 2232 953 2359 1007; x_wconf 86' lang='lat' dir='ltr'>videt,</span> 
     </span>
     <span class='ocr_line' id='line_1_14' title="bbox 155 1013 2361 1090; baseline -0.005 -16"><span class='ocrx_word' id='word_1_117' title='bbox 155 1025 400 1090; x_wconf 86' lang='lat' dir='ltr'>posteriora</span> <span class='ocrx_word' id='word_1_118' title='bbox 419 1024 512 1068; x_wconf 82' lang='lat' dir='ltr'>haec</span> <span class='ocrx_word' id='word_1_119' title='bbox 545 1017 780 1065; x_wconf 71' lang='lat' dir='ltr'>leffionem</span> <span class='ocrx_word' id='word_1_120' title='bbox 813 1017 1021 1080; x_wconf 78' lang='lat' dir='ltr'>praeferre</span> <span class='ocrx_word' id='word_1_121' title='bbox 1048 1018 1220 1064; x_wconf 81' lang='lat' dir='ltr'>alterius</span> <span class='ocrx_word' id='word_1_122' title='bbox 1241 1018 1426 1072; x_wconf 82' lang='lat' dir='ltr'>codicis,</span> <span class='ocrx_word' id='word_1_123' title='bbox 1470 1016 1700 1062; x_wconf 80' lang='lat' dir='ltr'>&amp;incuria</span> <span class='ocrx_word' id='word_1_124' title='bbox 1729 1013 1998 1076; x_wconf 79' lang='lat' dir='ltr'>exscriptoris</span> <span class='ocrx_word' id='word_1_125' title='bbox 2029 1019 2074 1062; x_wconf 89' lang='lat' dir='ltr'>in</span> <span class='ocrx_word' id='word_1_126' title='bbox 2104 1014 2250 1078; x_wconf 86' lang='lat' dir='ltr'>ipsum</span> <span class='ocrx_word' id='word_1_127' title='bbox 2277 1031 2361 1063; x_wconf 79' lang='lat' dir='ltr'>tex-</span> 
     </span>
     <span class='ocr_line' id='line_1_15' title="bbox 154 1085 2360 1152; baseline -0.005 -13"><span class='ocrx_word' id='word_1_128' title='bbox 154 1109 249 1141; x_wconf 89' lang='lat' dir='ltr'>tum</span> <span class='ocrx_word' id='word_1_129' title='bbox 270 1087 487 1152; x_wconf 73' lang='lat' dir='ltr'>irrepsisse.</span> <span class='ocrx_word' id='word_1_130' title='bbox 558 1086 656 1131; x_wconf 78' lang='lat' dir='ltr'>Pari</span> <span class='ocrx_word' id='word_1_131' title='bbox 685 1085 846 1141; x_wconf 85' lang='lat' dir='ltr'>modo,</span> <span class='ocrx_word' id='word_1_132' title='bbox 879 1086 1040 1149; x_wconf 82' lang='lat' dir='ltr'>Johan.</span> <span class='ocrx_word' id='word_1_133' title='bbox 1084 1095 1153 1139; x_wconf 86' lang='lat'>12,</span> <span class='ocrx_word' id='word_1_134' title='bbox 1177 1098 1220 1141; x_wconf 79' lang='lat'>3.</span> <span class='ocrx_word' id='word_1_135' title='bbox 1266 1092 1405 1134; x_wconf 58' lang='lat' dir='ltr'>012-ng</span> <span class='ocrx_word' id='word_1_136' title='bbox 1433 1086 1640 1128; x_wconf 80' lang='lat' dir='ltr'>retinetur</span> <span class='ocrx_word' id='word_1_137' title='bbox 1673 1096 1880 1142; x_wconf 80' lang='lat' dir='ltr'>tanquam</span> <span class='ocrx_word' id='word_1_138' title='bbox 1916 1085 2151 1143; x_wconf 84' lang='lat' dir='ltr'>proprium</span> <span class='ocrx_word' id='word_1_139' title='bbox 2180 1099 2360 1139; x_wconf 86' lang='lat' dir='ltr'>nomen,</span> 
     </span>
     <span class='ocr_line' id='line_1_16' title="bbox 149 1147 2360 1226; baseline -0.005 -19"><span class='ocrx_word' id='word_1_140' title='bbox 149 1156 414 1226; x_wconf 80' lang='lat' dir='ltr'>pistikeinis,</span> <span class='ocrx_word' id='word_1_141' title='bbox 456 1152 527 1200; x_wconf 86' lang='lat' dir='ltr'>sed</span> <span class='ocrx_word' id='word_1_142' title='bbox 556 1153 761 1213; x_wconf 79' lang='lat' dir='ltr'>proxima</span> <span class='ocrx_word' id='word_1_143' title='bbox 786 1168 892 1198; x_wconf 90' lang='lat' dir='ltr'>voce</span> <span class='ocrx_word' id='word_1_144' title='bbox 922 1151 1162 1213; x_wconf 85' lang='lat' dir='ltr'>explicatur</span> <span class='ocrx_word' id='word_1_145' title='bbox 1184 1147 1535 1215; x_wconf 76' lang='lat' dir='ltr'>filugalaubeis,</span> <span class='ocrx_word' id='word_1_146' title='bbox 1578 1164 1672 1207; x_wconf 87' lang='lat' dir='ltr'>quae</span> <span class='ocrx_word' id='word_1_147' title='bbox 1700 1165 1783 1193; x_wconf 86' lang='lat' dir='ltr'>vox</span> <span class='ocrx_word' id='word_1_148' title='bbox 1821 1148 1933 1193; x_wconf 86' lang='lat' dir='ltr'>nihil</span> <span class='ocrx_word' id='word_1_149' title='bbox 1961 1148 2075 1195; x_wconf 83' lang='lat' dir='ltr'>aliud</span> <span class='ocrx_word' id='word_1_150' title='bbox 2109 1147 2189 1205; x_wconf 88' lang='lat' dir='ltr'>est,</span> <span class='ocrx_word' id='word_1_151' title='bbox 2225 1166 2360 1208; x_wconf 87' lang='lat' dir='ltr'>quam</span> 
     </span>
     <span class='ocr_line' id='line_1_17' title="bbox 155 1213 2361 1281; baseline -0.005 -9"><span class='ocrx_word' id='word_1_152' title='bbox 155 1224 290 1272; x_wconf 74' lang='lat' dir='ltr'>versio</span> <span class='ocrx_word' id='word_1_153' title='bbox 320 1231 368 1271; x_wconf 65' lang='grc' dir='ltr'>τε</span> <span class='ocrx_word' id='word_1_154' title='bbox 383 1229 536 1272; x_wconf 52' lang='lat' dir='ltr'>ons-mm,</span> <span class='ocrx_word' id='word_1_155' title='bbox 597 1216 930 1281; x_wconf 80' lang='lat' dir='ltr'>Filugalaubeis</span> <span class='ocrx_word' id='word_1_156' title='bbox 949 1219 1066 1262; x_wconf 84' lang='lat' dir='ltr'>enim</span> <span class='ocrx_word' id='word_1_157' title='bbox 1086 1232 1176 1261; x_wconf 87' lang='lat' dir='ltr'>non</span> <span class='ocrx_word' id='word_1_158' title='bbox 1199 1229 1319 1260; x_wconf 84' lang='lat' dir='ltr'>notat</span> <span class='ocrx_word' id='word_1_159' title='bbox 1345 1219 1561 1273; x_wconf 65' lang='grc' dir='ltr'><strong><em>πολύτιμον,</em></strong></span> <span class='ocrx_word' id='word_1_160' title='bbox 1589 1229 1639 1259; x_wconf 87' lang='lat' dir='ltr'>ut</span> <span class='ocrx_word' id='word_1_161' title='bbox 1658 1214 1840 1259; x_wconf 86' lang='lat' dir='ltr'>credidit</span> <span class='ocrx_word' id='word_1_162' title='bbox 1862 1213 2244 1272; x_wconf 78' lang='lat' dir='ltr'>Stiernlzielmius,</span> <span class='ocrx_word' id='word_1_163' title='bbox 2287 1213 2361 1263; x_wconf 87' lang='lat' dir='ltr'>sed</span> 
     </span>
     <span class='ocr_line' id='line_1_18' title="bbox 155 1278 2361 1347; baseline -0.005 -9"><span class='ocrx_word' id='word_1_164' title='bbox 155 1292 296 1340; x_wconf 85' lang='lat' dir='ltr'>fidum</span> <span class='ocrx_word' id='word_1_165' title='bbox 316 1289 382 1334; x_wconf 85' lang='lat' dir='ltr'>vel</span> <span class='ocrx_word' id='word_1_166' title='bbox 404 1288 554 1346; x_wconf 87' lang='lat' dir='ltr'>potius</span> <span class='ocrx_word' id='word_1_167' title='bbox 575 1279 746 1344; x_wconf 55' lang='lat' dir='ltr'>obpido</span> <span class='ocrx_word' id='word_1_168' title='bbox 768 1282 930 1339; x_wconf 81' lang='lat' dir='ltr'>fidum,</span> <span class='ocrx_word' id='word_1_169' title='bbox 965 1300 988 1327; x_wconf 87' lang='lat' dir='ltr'>a</span> <span class='ocrx_word' id='word_1_170' title='bbox 1002 1279 1252 1347; x_wconf 65' lang='lat' dir='ltr'>galaubjam</span> <span class='ocrx_word' id='word_1_171' title='bbox 1271 1278 1446 1324; x_wconf 87' lang='lat' dir='ltr'>credere</span> <span class='ocrx_word' id='word_1_172' title='bbox 1461 1314 1471 1332; x_wconf 87' lang='lat'>,</span> <span class='ocrx_word' id='word_1_173' title='bbox 1501 1279 1619 1322; x_wconf 89' lang='lat' dir='ltr'>unde</span> <span class='ocrx_word' id='word_1_174' title='bbox 1633 1279 1922 1341; x_wconf 78' lang='lat' dir='ltr'>galaubeins,</span> <span class='ocrx_word' id='word_1_175' title='bbox 1954 1279 2059 1326; x_wconf 85' lang='lat' dir='ltr'>fides</span> <span class='ocrx_word' id='word_1_176' title='bbox 2086 1284 2192 1331; x_wconf 87' lang='lat' dir='ltr'>Luc.</span> <span class='ocrx_word' id='word_1_177' title='bbox 2220 1297 2258 1341; x_wconf 85' lang='lat'>5,</span> <span class='ocrx_word' id='word_1_178' title='bbox 2282 1295 2361 1330; x_wconf 86' lang='lat'>20.</span> 
     </span>
     <span class='ocr_line' id='line_1_19' title="bbox 156 1339 2362 1419; baseline -0.005 -14"><span class='ocrx_word' id='word_1_179' title='bbox 156 1359 229 1405; x_wconf 89' lang='lat' dir='ltr'>cui</span> <span class='ocrx_word' id='word_1_180' title='bbox 245 1357 328 1419; x_wconf 82' lang='lat' dir='ltr'>filu</span> <span class='ocrx_word' id='word_1_181' title='bbox 348 1351 653 1413; x_wconf 66' lang='lat' dir='ltr'>praemittitur,</span> <span class='ocrx_word' id='word_1_182' title='bbox 687 1349 808 1408; x_wconf 90' lang='lat' dir='ltr'>quod</span> <span class='ocrx_word' id='word_1_183' title='bbox 828 1349 1021 1395; x_wconf 89' lang='lat' dir='ltr'>multum</span> <span class='ocrx_word' id='word_1_184' title='bbox 1041 1360 1183 1400; x_wconf 87' lang='lat' dir='ltr'>notat,</span> <span class='ocrx_word' id='word_1_185' title='bbox 1219 1345 1261 1390; x_wconf 84' lang='lat'>&amp;</span> <span class='ocrx_word' id='word_1_186' title='bbox 1287 1341 1598 1403; x_wconf 82' lang='lat' dir='ltr'>superlativum</span> <span class='ocrx_word' id='word_1_187' title='bbox 1622 1339 1841 1390; x_wconf 75' lang='lat' dir='ltr'>efformat.</span> <span class='ocrx_word' id='word_1_188' title='bbox 1911 1348 2006 1389; x_wconf 82' lang='lat' dir='ltr'>Vox</span> <span class='ocrx_word' id='word_1_189' title='bbox 2032 1362 2135 1390; x_wconf 88' lang='lat' dir='ltr'>vero</span> <span class='ocrx_word' id='word_1_190' title='bbox 2179 1354 2362 1406; x_wconf 60' lang='grc' dir='ltr'>πολυτίμι</span> 
     </span>
     <span class='ocr_line' id='line_1_20' title="bbox 156 1407 2360 1475; baseline -0.006 -5"><span class='ocrx_word' id='word_1_191' title='bbox 156 1426 203 1471; x_wconf 84' lang='lat' dir='ltr'>in</span> <span class='ocrx_word' id='word_1_192' title='bbox 236 1419 425 1468; x_wconf 67' lang='lat' dir='ltr'>versione</span> <span class='ocrx_word' id='word_1_193' title='bbox 448 1416 528 1461; x_wconf 89' lang='lat' dir='ltr'>hac</span> <span class='ocrx_word' id='word_1_194' title='bbox 549 1416 724 1475; x_wconf 86' lang='lat' dir='ltr'>penitus</span> <span class='ocrx_word' id='word_1_195' title='bbox 742 1416 982 1469; x_wconf 89' lang='lat' dir='ltr'>omittitur,</span> <span class='ocrx_word' id='word_1_196' title='bbox 1013 1414 1057 1458; x_wconf 88' lang='lat' dir='ltr'>id</span> <span class='ocrx_word' id='word_1_197' title='bbox 1080 1410 1204 1471; x_wconf 87' lang='lat' dir='ltr'>quod</span> <span class='ocrx_word' id='word_1_198' title='bbox 1233 1411 1377 1459; x_wconf 87' lang='lat' dir='ltr'>minus</span> <span class='ocrx_word' id='word_1_199' title='bbox 1397 1407 1694 1464; x_wconf 79' lang='lat' dir='ltr'>mirabimur,</span> <span class='ocrx_word' id='word_1_200' title='bbox 1739 1424 1880 1466; x_wconf 90' lang='lat' dir='ltr'>quum</span> <span class='ocrx_word' id='word_1_201' title='bbox 1913 1410 2103 1468; x_wconf 85' lang='lat' dir='ltr'>integros</span> <span class='ocrx_word' id='word_1_202' title='bbox 2131 1409 2360 1457; x_wconf 84' lang='lat' dir='ltr'>versiculos</span> 
     </span>
     <span class='ocr_line' id='line_1_21' title="bbox 157 1471 2360 1536; baseline -0.007 0"><span class='ocrx_word' id='word_1_203' title='bbox 157 1493 203 1536; x_wconf 86' lang='lat' dir='ltr'>in</span> <span class='ocrx_word' id='word_1_204' title='bbox 233 1489 314 1534; x_wconf 76' lang='lat' dir='ltr'>hac</span> <span class='ocrx_word' id='word_1_205' title='bbox 342 1481 532 1530; x_wconf 80' lang='lat' dir='ltr'>versione</span> <span class='ocrx_word' id='word_1_206' title='bbox 573 1479 799 1526; x_wconf 82' lang='lat' dir='ltr'>desiderari</span> <span class='ocrx_word' id='word_1_207' title='bbox 835 1478 1290 1531; x_wconf 74' lang='lat' dir='ltr'>animadverterimus,</span> <span class='ocrx_word' id='word_1_208' title='bbox 1342 1490 1390 1520; x_wconf 89' lang='lat' dir='ltr'>ut</span> <span class='ocrx_word' id='word_1_209' title='bbox 1421 1471 1599 1520; x_wconf 78' lang='lat' dir='ltr'>viciffim</span> <span class='ocrx_word' id='word_1_210' title='bbox 1629 1474 1805 1519; x_wconf 85' lang='lat' dir='ltr'>additur</span> <span class='ocrx_word' id='word_1_211' title='bbox 1832 1491 1967 1530; x_wconf 90' lang='lat' dir='ltr'>unus,</span> <span class='ocrx_word' id='word_1_212' title='bbox 2009 1478 2116 1522; x_wconf 78' lang='lat' dir='ltr'>Luc.</span> <span class='ocrx_word' id='word_1_213' title='bbox 2149 1490 2198 1532; x_wconf 78' lang='lat'>9.</span> <span class='ocrx_word' id='word_1_214' title='bbox 2260 1474 2360 1535; x_wconf 74' lang='lat' dir='ltr'>pest</span> 
     </span>
     <span class='ocr_line' id='line_1_22' title="bbox 156 1540 2357 1610; baseline -0.006 -8"><span class='ocrx_word' id='word_1_215' title='bbox 156 1552 331 1603; x_wconf 87' lang='lat' dir='ltr'>versum</span> <span class='ocrx_word' id='word_1_216' title='bbox 359 1564 418 1610; x_wconf 80' lang='lat'>50</span> <span class='ocrx_word' id='word_1_217' title='bbox 454 1564 588 1606; x_wconf 88' lang='lat' dir='ltr'>quem</span> <span class='ocrx_word' id='word_1_218' title='bbox 623 1547 740 1592; x_wconf 88' lang='lat' dir='ltr'>nulla</span> <span class='ocrx_word' id='word_1_219' title='bbox 770 1544 904 1592; x_wconf 85' lang='lat' dir='ltr'>verfio</span> <span class='ocrx_word' id='word_1_220' title='bbox 938 1546 1242 1605; x_wconf 82' lang='lat' dir='ltr'>antiquiorum</span> <span class='ocrx_word' id='word_1_221' title='bbox 1271 1540 1425 1598; x_wconf 81' lang='lat' dir='ltr'>habet,</span> <span class='ocrx_word' id='word_1_222' title='bbox 1460 1540 1579 1586; x_wconf 81' lang='lat' dir='ltr'>nulla</span> <span class='ocrx_word' id='word_1_223' title='bbox 1607 1555 1751 1586; x_wconf 82' lang='lat' dir='ltr'>catena</span> <span class='ocrx_word' id='word_1_224' title='bbox 1773 1543 1949 1585; x_wconf 80' lang='lat' dir='ltr'>Parrum</span> <span class='ocrx_word' id='word_1_225' title='bbox 1976 1555 2050 1586; x_wconf 86' lang='lat' dir='ltr'>aut</span> <span class='ocrx_word' id='word_1_226' title='bbox 2078 1555 2202 1586; x_wconf 87' lang='lat' dir='ltr'>vetus</span> <span class='ocrx_word' id='word_1_227' title='bbox 2236 1557 2357 1588; x_wconf 85' lang='lat' dir='ltr'>com-</span> 
     </span>
     <span class='ocr_line' id='line_1_23' title="bbox 157 1604 2360 1669; baseline -0.007 0"><span class='ocrx_word' id='word_1_228' title='bbox 157 1634 373 1669; x_wconf 86' lang='lat' dir='ltr'>mentator</span> <span class='ocrx_word' id='word_1_229' title='bbox 395 1614 597 1662; x_wconf 79' lang='lat' dir='ltr'>biblicus.</span> <span class='ocrx_word' id='word_1_230' title='bbox 669 1615 748 1658; x_wconf 90' lang='lat' dir='ltr'>Tu</span> <span class='ocrx_word' id='word_1_231' title='bbox 776 1629 903 1668; x_wconf 90' lang='lat' dir='ltr'>vero,</span> <span class='ocrx_word' id='word_1_232' title='bbox 948 1614 998 1659; x_wconf 87' lang='lat' dir='ltr'>B.</span> <span class='ocrx_word' id='word_1_233' title='bbox 1032 1615 1082 1658; x_wconf 91' lang='lat' dir='ltr'>L.</span> <span class='ocrx_word' id='word_1_234' title='bbox 1112 1627 1165 1655; x_wconf 90' lang='lat' dir='ltr'>ne</span> <span class='ocrx_word' id='word_1_235' title='bbox 1198 1606 1434 1664; x_wconf 75' lang='lat' dir='ltr'>existimes,</span> <span class='ocrx_word' id='word_1_236' title='bbox 1480 1623 1559 1652; x_wconf 89' lang='lat' dir='ltr'>nos</span> <span class='ocrx_word' id='word_1_237' title='bbox 1595 1607 1651 1651; x_wconf 87' lang='lat' dir='ltr'>ita</span> <span class='ocrx_word' id='word_1_238' title='bbox 1691 1604 1900 1652; x_wconf 77' lang='lat' dir='ltr'>rariffimo</span> <span class='ocrx_word' id='word_1_239' title='bbox 1930 1606 2034 1652; x_wconf 88' lang='lat' dir='ltr'>huic</span> <span class='ocrx_word' id='word_1_240' title='bbox 2063 1606 2203 1652; x_wconf 90' lang='lat' dir='ltr'>codici</span> <span class='ocrx_word' id='word_1_241' title='bbox 2235 1607 2360 1666; x_wconf 90' lang='lat' dir='ltr'>quid-</span> 
     </span>
     <span class='ocr_line' id='line_1_24' title="bbox 158 1670 2360 1748; baseline -0.007 -14"><span class='ocrx_word' id='word_1_242' title='bbox 158 1703 293 1748; x_wconf 85' lang='lat' dir='ltr'>quam</span> <span class='ocrx_word' id='word_1_243' title='bbox 322 1678 563 1729; x_wconf 62' lang='lat' dir='ltr'>detrafiiuxu</span> <span class='ocrx_word' id='word_1_244' title='bbox 593 1679 720 1725; x_wconf 89' lang='lat' dir='ltr'>velle:</span> <span class='ocrx_word' id='word_1_245' title='bbox 781 1696 883 1727; x_wconf 86' lang='lat' dir='ltr'>nam</span> <span class='ocrx_word' id='word_1_246' title='bbox 917 1678 972 1723; x_wconf 86' lang='lat' dir='ltr'>ad</span> <span class='ocrx_word' id='word_1_247' title='bbox 1009 1676 1253 1728; x_wconf 81' lang='lat' dir='ltr'>scientiam,</span> <span class='ocrx_word' id='word_1_248' title='bbox 1288 1674 1374 1719; x_wconf 85' lang='lat' dir='ltr'>hoc</span> <span class='ocrx_word' id='word_1_249' title='bbox 1409 1671 1467 1718; x_wconf 90' lang='lat' dir='ltr'>est</span> <span class='ocrx_word' id='word_1_250' title='bbox 1500 1673 1795 1733; x_wconf 79' lang='lat' dir='ltr'>cognitionem</span> <span class='ocrx_word' id='word_1_251' title='bbox 1829 1672 1983 1732; x_wconf 69' lang='lat' dir='ltr'>linguae</span> <span class='ocrx_word' id='word_1_252' title='bbox 2013 1670 2360 1733; x_wconf 84' lang='lat' dir='ltr'>Moesogothicae</span> 
     </span>
     <span class='ocr_line' id='line_1_25' title="bbox 155 1736 2358 1816; baseline -0.01 -17"><span class='ocrx_word' id='word_1_253' title='bbox 155 1769 315 1816; x_wconf 83' lang='lat' dir='ltr'>parum</span> <span class='ocrx_word' id='word_1_254' title='bbox 336 1744 492 1803; x_wconf 80' lang='lat' dir='ltr'>refert,</span> <span class='ocrx_word' id='word_1_255' title='bbox 526 1747 650 1791; x_wconf 85' lang='lat' dir='ltr'>cuius</span> <span class='ocrx_word' id='word_1_256' title='bbox 677 1762 809 1790; x_wconf 80' lang='lat' dir='ltr'>manu</span> <span class='ocrx_word' id='word_1_257' title='bbox 830 1759 1021 1790; x_wconf 82' lang='lat' dir='ltr'>exaratus</span> <span class='ocrx_word' id='word_1_258' title='bbox 1041 1741 1115 1792; x_wconf 79' lang='lat' dir='ltr'>fit:</span> <span class='ocrx_word' id='word_1_259' title='bbox 1152 1742 1196 1787; x_wconf 87' lang='lat' dir='ltr'>id</span> <span class='ocrx_word' id='word_1_260' title='bbox 1220 1742 1387 1801; x_wconf 83' lang='lat' dir='ltr'>quippe</span> <span class='ocrx_word' id='word_1_261' title='bbox 1417 1739 1706 1784; x_wconf 79' lang='lat' dir='ltr'>nibilominus</span> <span class='ocrx_word' id='word_1_262' title='bbox 1736 1737 1864 1784; x_wconf 83' lang='lat' dir='ltr'>nobis</span> <span class='ocrx_word' id='word_1_263' title='bbox 1896 1754 2061 1784; x_wconf 83' lang='lat' dir='ltr'>certum</span> <span class='ocrx_word' id='word_1_264' title='bbox 2091 1736 2171 1795; x_wconf 87' lang='lat' dir='ltr'>est,</span> <span class='ocrx_word' id='word_1_265' title='bbox 2216 1739 2258 1784; x_wconf 71' lang='grc' dir='ltr'>ὅ(</span> <span class='ocrx_word' id='word_1_266' title='bbox 2287 1757 2358 1799; x_wconf 80' lang='lat' dir='ltr'>pe.</span> 
     </span>
     <span class='ocr_line' id='line_1_26' title="bbox 156 1804 2360 1868; baseline -0.007 -1"><span class='ocrx_word' id='word_1_267' title='bbox 156 1822 270 1867; x_wconf 77' lang='lat' dir='ltr'>nitus</span> <span class='ocrx_word' id='word_1_268' title='bbox 290 1813 547 1866; x_wconf 83' lang='lat' dir='ltr'>indubium,</span> <span class='ocrx_word' id='word_1_269' title='bbox 580 1811 691 1857; x_wconf 74' lang='lat' dir='ltr'>lianc</span> <span class='ocrx_word' id='word_1_270' title='bbox 712 1810 951 1857; x_wconf 65' lang='lat' dir='ltr'>versionem</span> <span class='ocrx_word' id='word_1_271' title='bbox 979 1808 1084 1864; x_wconf 84' lang='lat' dir='ltr'>esse,</span> <span class='ocrx_word' id='word_1_272' title='bbox 1121 1825 1208 1868; x_wconf 85' lang='lat' dir='ltr'>qua</span> <span class='ocrx_word' id='word_1_273' title='bbox 1233 1805 1293 1853; x_wconf 79' lang='lat' dir='ltr'>usi</span> <span class='ocrx_word' id='word_1_274' title='bbox 1315 1804 1480 1852; x_wconf 87' lang='lat' dir='ltr'>fuerint</span> <span class='ocrx_word' id='word_1_275' title='bbox 1509 1805 1649 1852; x_wconf 85' lang='lat' dir='ltr'>Gothi</span> <span class='ocrx_word' id='word_1_276' title='bbox 1680 1806 1832 1860; x_wconf 80' lang='lat' dir='ltr'>exteri,</span> <span class='ocrx_word' id='word_1_277' title='bbox 1875 1821 2095 1863; x_wconf 84' lang='lat' dir='ltr'>quamque</span> <span class='ocrx_word' id='word_1_278' title='bbox 2123 1804 2360 1864; x_wconf 85' lang='lat' dir='ltr'>Ulphilam</span> 
     </span>
     <span class='ocr_line' id='line_1_27' title="bbox 158 1869 2358 1936; baseline -0.007 -3"><span class='ocrx_word' id='word_1_279' title='bbox 158 1879 447 1936; x_wconf 72' lang='lat' dir='ltr'>concinnasse,</span> <span class='ocrx_word' id='word_1_280' title='bbox 486 1877 694 1925; x_wconf 85' lang='lat' dir='ltr'>concordi</span> <span class='ocrx_word' id='word_1_281' title='bbox 720 1894 915 1923; x_wconf 86' lang='lat' dir='ltr'>veterum</span> <span class='ocrx_word' id='word_1_282' title='bbox 950 1874 1129 1922; x_wconf 79' lang='lat' dir='ltr'>ecclefiae</span> <span class='ocrx_word' id='word_1_283' title='bbox 1168 1888 1345 1934; x_wconf 84' lang='lat' dir='ltr'>parrum</span> <span class='ocrx_word' id='word_1_284' title='bbox 1373 1870 1622 1933; x_wconf 77' lang='lat' dir='ltr'>testimonio</span> <span class='ocrx_word' id='word_1_285' title='bbox 1654 1869 1864 1917; x_wconf 77' lang='lat' dir='ltr'>firmatur.</span> <span class='ocrx_word' id='word_1_286' title='bbox 1951 1871 2099 1929; x_wconf 84' lang='lat' dir='ltr'>Atque</span> <span class='ocrx_word' id='word_1_287' title='bbox 2135 1870 2243 1915; x_wconf 83' lang='lat' dir='ltr'>adeo</span> <span class='ocrx_word' id='word_1_288' title='bbox 2272 1871 2358 1918; x_wconf 88' lang='lat' dir='ltr'>hoc</span> 
     </span>
     <span class='ocr_line' id='line_1_28' title="bbox 157 1936 2360 2004; baseline -0.007 -5"><span class='ocrx_word' id='word_1_289' title='bbox 157 1961 499 2000; x_wconf 86' lang='lat' dir='ltr'>monumentum</span> <span class='ocrx_word' id='word_1_290' title='bbox 521 1945 787 2004; x_wconf 81' lang='lat' dir='ltr'>antiquitatis</span> <span class='ocrx_word' id='word_1_291' title='bbox 808 1944 1002 2004; x_wconf 83' lang='lat' dir='ltr'>palmam</span> <span class='ocrx_word' id='word_1_292' title='bbox 1022 1941 1229 1988; x_wconf 84' lang='lat' dir='ltr'>omnibus</span> <span class='ocrx_word' id='word_1_293' title='bbox 1250 1941 1294 1984; x_wconf 89' lang='lat' dir='ltr'>in</span> <span class='ocrx_word' id='word_1_294' title='bbox 1313 1936 1514 1983; x_wconf 88' lang='lat' dir='ltr'>universo</span> <span class='ocrx_word' id='word_1_295' title='bbox 1532 1937 1637 1983; x_wconf 85' lang='lat' dir='ltr'>orbe</span> <span class='ocrx_word' id='word_1_296' title='bbox 1660 1937 1780 1983; x_wconf 86' lang='lat' dir='ltr'>libris</span> <span class='ocrx_word' id='word_1_297' title='bbox 1809 1937 2027 1997; x_wconf 64' lang='lat' dir='ltr'>piaeripit,</span> <span class='ocrx_word' id='word_1_298' title='bbox 2073 1937 2150 1996; x_wconf 88' lang='lat' dir='ltr'>qui</span> <span class='ocrx_word' id='word_1_299' title='bbox 2179 1937 2360 1995; x_wconf 88' lang='lat' dir='ltr'>quidem</span> 
     </span>
     <span class='ocr_line' id='line_1_29' title="bbox 157 2001 1714 2076; baseline -0.01 -11"><span class='ocrx_word' id='word_1_300' title='bbox 157 2018 238 2065; x_wconf 88' lang='lat' dir='ltr'>alia</span> <span class='ocrx_word' id='word_1_301' title='bbox 261 2018 432 2076; x_wconf 80' lang='lat' dir='ltr'>lingua,</span> <span class='ocrx_word' id='word_1_302' title='bbox 467 2027 601 2070; x_wconf 84' lang='lat' dir='ltr'>quam</span> <span class='ocrx_word' id='word_1_303' title='bbox 623 2026 717 2069; x_wconf 84' lang='lat' dir='ltr'>quae</span> <span class='ocrx_word' id='word_1_304' title='bbox 736 2010 907 2055; x_wconf 87' lang='lat' dir='ltr'>erudita</span> <span class='ocrx_word' id='word_1_305' title='bbox 929 2009 1139 2069; x_wconf 81' lang='lat' dir='ltr'>appellari</span> <span class='ocrx_word' id='word_1_306' title='bbox 1159 2002 1381 2051; x_wconf 61' lang='lat' dir='ltr'>consuevit</span> <span class='ocrx_word' id='word_1_307' title='bbox 1396 2039 1406 2059; x_wconf 88' lang='lat'>‚</span> <span class='ocrx_word' id='word_1_308' title='bbox 1448 2001 1596 2064; x_wconf 83' lang='lat' dir='ltr'>scripti</span> <span class='ocrx_word' id='word_1_309' title='bbox 1624 2002 1714 2049; x_wconf 76' lang='lat' dir='ltr'>sint.</span> 
     </span>
    </p>

    <p class='ocr_par' dir='ltr' id='par_1_9' title="bbox 155 2067 2361 2803">
     <span class='ocr_line' id='line_1_30' title="bbox 358 2067 2357 2134; baseline -0.004 -11"><span class='ocrx_word' id='word_1_310' title='bbox 358 2081 435 2124; x_wconf 78' lang='grc' dir='ltr'>ΠΙ.</span> <span class='ocrx_word' id='word_1_311' title='bbox 466 2077 746 2122; x_wconf 69' lang='lat' dir='ltr'>Inanimum</span> <span class='ocrx_word' id='word_1_312' title='bbox 770 2092 948 2134; x_wconf 81' lang='lat' dir='ltr'>quoque</span> <span class='ocrx_word' id='word_1_313' title='bbox 968 2074 1250 2124; x_wconf 79' lang='lat' dir='ltr'>induximus,</span> <span class='ocrx_word' id='word_1_314' title='bbox 1286 2069 1538 2116; x_wconf 83' lang='lat' dir='ltr'>incredibile</span> <span class='ocrx_word' id='word_1_315' title='bbox 1559 2067 1661 2125; x_wconf 78' lang='lat' dir='ltr'>esse,</span> <span class='ocrx_word' id='word_1_316' title='bbox 1705 2083 1914 2127; x_wconf 87' lang='lat' dir='ltr'>quantum</span> <span class='ocrx_word' id='word_1_317' title='bbox 1953 2068 2058 2114; x_wconf 83' lang='lat' dir='ltr'>lucis</span> <span class='ocrx_word' id='word_1_318' title='bbox 2089 2069 2240 2128; x_wconf 79' lang='lat' dir='ltr'>exigua</span> <span class='ocrx_word' id='word_1_319' title='bbox 2265 2068 2357 2116; x_wconf 83' lang='lat' dir='ltr'>haec</span> 
     </span>
     <span class='ocr_line' id='line_1_31' title="bbox 156 2131 2359 2205; baseline -0.008 -7"><span class='ocrx_word' id='word_1_320' title='bbox 156 2154 314 2205; x_wconf 63' lang='grc' dir='ltr'>λείψωνα,</span> <span class='ocrx_word' id='word_1_321' title='bbox 364 2144 524 2203; x_wconf 82' lang='lat' dir='ltr'>linguae</span> <span class='ocrx_word' id='word_1_322' title='bbox 551 2141 752 2188; x_wconf 63' lang='lat' dir='ltr'>Gothicae</span> <span class='ocrx_word' id='word_1_323' title='bbox 778 2138 1002 2186; x_wconf 86' lang='lat' dir='ltr'>sororibus</span> <span class='ocrx_word' id='word_1_324' title='bbox 1036 2138 1175 2194; x_wconf 84' lang='lat' dir='ltr'>illius,</span> <span class='ocrx_word' id='word_1_325' title='bbox 1210 2137 1275 2183; x_wconf 87' lang='lat' dir='ltr'>vel</span> <span class='ocrx_word' id='word_1_326' title='bbox 1305 2134 1474 2182; x_wconf 79' lang='lat' dir='ltr'>filiabus</span> <span class='ocrx_word' id='word_1_327' title='bbox 1499 2137 1672 2194; x_wconf 79' lang='lat' dir='ltr'>potius,</span> <span class='ocrx_word' id='word_1_328' title='bbox 1704 2136 1864 2180; x_wconf 81' lang='lat' dir='ltr'>Graecae</span> <span class='ocrx_word' id='word_1_329' title='bbox 1888 2134 1930 2179; x_wconf 70' lang='grc' dir='ltr'>ἃ</span> <span class='ocrx_word' id='word_1_330' title='bbox 1950 2137 2111 2180; x_wconf 85' lang='lat' dir='ltr'>Latinae</span> <span class='ocrx_word' id='word_1_331' title='bbox 2140 2131 2359 2180; x_wconf 87' lang='lat' dir='ltr'>foenerari</span> 
     </span>
     <span class='ocr_line' id='line_1_32' title="bbox 155 2199 2361 2276; baseline -0.007 -17"><span class='ocrx_word' id='word_1_332' title='bbox 155 2212 339 2276; x_wconf 75' lang='lat' dir='ltr'>pollint,</span> <span class='ocrx_word' id='word_1_333' title='bbox 375 2208 404 2255; x_wconf 79' lang='lat' dir='ltr'>si</span> <span class='ocrx_word' id='word_1_334' title='bbox 432 2212 467 2254; x_wconf 85' lang='lat' dir='ltr'>is</span> <span class='ocrx_word' id='word_1_335' title='bbox 489 2208 593 2253; x_wconf 90' lang='lat' dir='ltr'>huic</span> <span class='ocrx_word' id='word_1_336' title='bbox 613 2207 755 2252; x_wconf 82' lang='lat' dir='ltr'>labori</span> <span class='ocrx_word' id='word_1_337' title='bbox 780 2204 819 2251; x_wconf 90' lang='lat' dir='ltr'>se</span> <span class='ocrx_word' id='word_1_338' title='bbox 841 2206 1095 2257; x_wconf 79' lang='lat' dir='ltr'>accinxerit,</span> <span class='ocrx_word' id='word_1_339' title='bbox 1130 2205 1205 2261; x_wconf 90' lang='lat' dir='ltr'>qui</span> <span class='ocrx_word' id='word_1_340' title='bbox 1227 2202 1514 2263; x_wconf 77' lang='lat' dir='ltr'>praeiudicatis</span> <span class='ocrx_word' id='word_1_341' title='bbox 1535 2199 1618 2245; x_wconf 78' lang='lat' dir='ltr'>suis</span> <span class='ocrx_word' id='word_1_342' title='bbox 1639 2199 1923 2260; x_wconf 79' lang='lat' dir='ltr'>opinionibus</span> <span class='ocrx_word' id='word_1_343' title='bbox 1948 2200 2189 2258; x_wconf 81' lang='lat' dir='ltr'>plurimam</span> <span class='ocrx_word' id='word_1_344' title='bbox 2217 2201 2361 2244; x_wconf 51' lang='lat' dir='ltr'>erudi„</span> 
     </span>
     <span class='ocr_line' id='line_1_33' title="bbox 155 2261 2358 2337; baseline -0.007 -12"><span class='ocrx_word' id='word_1_345' title='bbox 155 2295 306 2326; x_wconf 87' lang='lat' dir='ltr'>torum</span> <span class='ocrx_word' id='word_1_346' title='bbox 333 2290 502 2337; x_wconf 83' lang='lat' dir='ltr'>partem</span> <span class='ocrx_word' id='word_1_347' title='bbox 529 2290 682 2318; x_wconf 83' lang='lat' dir='ltr'>exuere</span> <span class='ocrx_word' id='word_1_348' title='bbox 703 2272 902 2320; x_wconf 79' lang='lat' dir='ltr'>valuerit.</span> <span class='ocrx_word' id='word_1_349' title='bbox 959 2274 1059 2316; x_wconf 91' lang='lat' dir='ltr'>Nos</span> <span class='ocrx_word' id='word_1_350' title='bbox 1089 2272 1206 2314; x_wconf 84' lang='lat' dir='ltr'>enim</span> <span class='ocrx_word' id='word_1_351' title='bbox 1234 2269 1286 2313; x_wconf 87' lang='lat' dir='ltr'>de</span> <span class='ocrx_word' id='word_1_352' title='bbox 1307 2267 1453 2326; x_wconf 83' lang='lat' dir='ltr'>lingua</span> <span class='ocrx_word' id='word_1_353' title='bbox 1474 2266 1662 2311; x_wconf 86' lang='lat' dir='ltr'>Gothica</span> <span class='ocrx_word' id='word_1_354' title='bbox 1681 2261 1772 2309; x_wconf 84' lang='lat' dir='ltr'>fere</span> <span class='ocrx_word' id='word_1_355' title='bbox 1797 2265 1854 2309; x_wconf 88' lang='lat' dir='ltr'>ita</span> <span class='ocrx_word' id='word_1_356' title='bbox 1877 2263 2193 2321; x_wconf 83' lang='lat' dir='ltr'>existimamus3</span> <span class='ocrx_word' id='word_1_357' title='bbox 2236 2265 2358 2311; x_wconf 86' lang='lat' dir='ltr'>illam</span> 
     </span>
     <span class='ocr_line' id='line_1_34' title="bbox 157 2328 2356 2400; baseline -0.007 -8"><span class='ocrx_word' id='word_1_358' title='bbox 157 2362 253 2393; x_wconf 81' lang='lat' dir='ltr'>ante</span> <span class='ocrx_word' id='word_1_359' title='bbox 279 2344 471 2400; x_wconf 76' lang='lat' dir='ltr'>aliquot,</span> <span class='ocrx_word' id='word_1_360' title='bbox 506 2340 622 2385; x_wconf 85' lang='lat' dir='ltr'>haud</span> <span class='ocrx_word' id='word_1_361' title='bbox 639 2355 784 2384; x_wconf 82' lang='lat' dir='ltr'>tamen</span> <span class='ocrx_word' id='word_1_362' title='bbox 799 2338 907 2384; x_wconf 87' lang='lat' dir='ltr'>adeo</span> <span class='ocrx_word' id='word_1_363' title='bbox 925 2336 1063 2382; x_wconf 84' lang='lat' dir='ltr'>multa</span> <span class='ocrx_word' id='word_1_364' title='bbox 1081 2332 1241 2389; x_wconf 88' lang='lat' dir='ltr'>secula,</span> <span class='ocrx_word' id='word_1_365' title='bbox 1275 2344 1351 2378; x_wconf 83' lang='lat' dir='ltr'>aut</span> <span class='ocrx_word' id='word_1_366' title='bbox 1370 2334 1480 2377; x_wconf 84' lang='lat' dir='ltr'>intra</span> <span class='ocrx_word' id='word_1_367' title='bbox 1498 2331 1579 2376; x_wconf 81' lang='lat' dir='ltr'>hos</span> <span class='ocrx_word' id='word_1_368' title='bbox 1600 2331 1749 2390; x_wconf 70' lang='lat' dir='ltr'>patrire</span> <span class='ocrx_word' id='word_1_369' title='bbox 1782 2344 1973 2385; x_wconf 85' lang='lat' dir='ltr'>montes,</span> <span class='ocrx_word' id='word_1_370' title='bbox 2011 2346 2085 2376; x_wconf 88' lang='lat' dir='ltr'>aut</span> <span class='ocrx_word' id='word_1_371' title='bbox 2117 2330 2235 2390; x_wconf 85' lang='lat' dir='ltr'>apud</span> <span class='ocrx_word' id='word_1_372' title='bbox 2261 2328 2356 2376; x_wconf 85' lang='lat' dir='ltr'>fini-</span> 
     </span>
     <span class='ocr_line' id='line_1_35' title="bbox 158 2395 2358 2461; baseline -0.006 -3"><span class='ocrx_word' id='word_1_373' title='bbox 158 2413 290 2458; x_wconf 87' lang='lat' dir='ltr'>timos</span> <span class='ocrx_word' id='word_1_374' title='bbox 311 2408 589 2459; x_wconf 84' lang='lat' dir='ltr'>Alemannos,</span> <span class='ocrx_word' id='word_1_375' title='bbox 608 2405 725 2450; x_wconf 89' lang='lat' dir='ltr'>velut</span> <span class='ocrx_word' id='word_1_376' title='bbox 746 2403 797 2449; x_wconf 88' lang='lat' dir='ltr'>de</span> <span class='ocrx_word' id='word_1_377' title='bbox 819 2419 932 2448; x_wconf 84' lang='lat' dir='ltr'>terra</span> <span class='ocrx_word' id='word_1_378' title='bbox 954 2400 1158 2461; x_wconf 85' lang='lat' dir='ltr'>fungum,</span> <span class='ocrx_word' id='word_1_379' title='bbox 1181 2413 1356 2444; x_wconf 83' lang='lat' dir='ltr'>enatam</span> <span class='ocrx_word' id='word_1_380' title='bbox 1391 2395 1487 2453; x_wconf 80' lang='lat' dir='ltr'>effe,</span> <span class='ocrx_word' id='word_1_381' title='bbox 1521 2395 1829 2456; x_wconf 79' lang='lat' dir='ltr'>locupletatam</span> <span class='ocrx_word' id='word_1_382' title='bbox 1849 2395 2000 2440; x_wconf 87' lang='lat' dir='ltr'>deinde</span> <span class='ocrx_word' id='word_1_383' title='bbox 2028 2396 2188 2456; x_wconf 78' lang='lat' dir='ltr'>linguae</span> <span class='ocrx_word' id='word_1_384' title='bbox 2210 2397 2358 2444; x_wconf 83' lang='lat' dir='ltr'>latinae</span> 
     </span>
     <span class='ocr_line' id='line_1_36' title="bbox 161 2458 2356 2537; baseline -0.004 -18"><span class='ocrx_word' id='word_1_385' title='bbox 161 2489 527 2537; x_wconf 81' lang='lat' dir='ltr'>cognatarumque</span> <span class='ocrx_word' id='word_1_386' title='bbox 546 2471 732 2526; x_wconf 74' lang='lat' dir='ltr'>divitiis,</span> <span class='ocrx_word' id='word_1_387' title='bbox 764 2469 872 2515; x_wconf 89' lang='lat' dir='ltr'>adeo</span> <span class='ocrx_word' id='word_1_388' title='bbox 892 2468 1090 2527; x_wconf 85' lang='lat' dir='ltr'>quidem,</span> <span class='ocrx_word' id='word_1_389' title='bbox 1134 2479 1183 2511; x_wconf 88' lang='lat' dir='ltr'>ut</span> <span class='ocrx_word' id='word_1_390' title='bbox 1212 2463 1243 2510; x_wconf 79' lang='lat' dir='ltr'>{i</span> <span class='ocrx_word' id='word_1_391' title='bbox 1281 2480 1469 2523; x_wconf 60' lang='lat' dir='ltr'>quaeram,</span> <span class='ocrx_word' id='word_1_392' title='bbox 1513 2462 1627 2508; x_wconf 86' lang='lat' dir='ltr'>unde</span> <span class='ocrx_word' id='word_1_393' title='bbox 1657 2478 1737 2506; x_wconf 87' lang='lat' dir='ltr'>nos</span> <span class='ocrx_word' id='word_1_394' title='bbox 1770 2458 1951 2524; x_wconf 79' lang='lat' dir='ltr'>naficm,</span> <span class='ocrx_word' id='word_1_395' title='bbox 1993 2460 2163 2508; x_wconf 77' lang='lat' dir='ltr'>dentem</span> <span class='ocrx_word' id='word_1_396' title='bbox 2199 2461 2356 2529; x_wconf 71' lang='lat' dir='ltr'>(noeffi,</span> 
     </span>
     <span class='ocr_line' id='line_1_37' title="bbox 160 2524 2357 2601; baseline -0.007 -10"><span class='ocrx_word' id='word_1_397' title='bbox 160 2542 299 2601; x_wconf 77' lang='lat' dir='ltr'>tand)</span> <span class='ocrx_word' id='word_1_398' title='bbox 319 2541 496 2585; x_wconf 85' lang='lat' dir='ltr'>nomine</span> <span class='ocrx_word' id='word_1_399' title='bbox 518 2535 739 2598; x_wconf 80' lang='lat' dir='ltr'>appellare</span> <span class='ocrx_word' id='word_1_400' title='bbox 753 2535 1056 2589; x_wconf 85' lang='lat' dir='ltr'>didicerimus,</span> <span class='ocrx_word' id='word_1_401' title='bbox 1089 2530 1329 2578; x_wconf 87' lang='lat' dir='ltr'>ludibrium</span> <span class='ocrx_word' id='word_1_402' title='bbox 1348 2528 1622 2575; x_wconf 75' lang='lat' dir='ltr'>audientibus</span> <span class='ocrx_word' id='word_1_403' title='bbox 1651 2526 1824 2581; x_wconf 84' lang='lat' dir='ltr'>debeas,</span> <span class='ocrx_word' id='word_1_404' title='bbox 1871 2524 1948 2572; x_wconf 79' lang='lat' dir='ltr'>nifi</span> <span class='ocrx_word' id='word_1_405' title='bbox 1967 2526 2234 2588; x_wconf 79' lang='lat' dir='ltr'>profitearis,</span> <span class='ocrx_word' id='word_1_406' title='bbox 2277 2546 2357 2576; x_wconf 87' lang='lat' dir='ltr'>nos</span> 
     </span>
     <span class='ocr_line' id='line_1_38' title="bbox 163 2592 2356 2660; baseline -0.006 -5"><span class='ocrx_word' id='word_1_407' title='bbox 163 2627 210 2655; x_wconf 90' lang='lat' dir='ltr'>ea</span> <span class='ocrx_word' id='word_1_408' title='bbox 230 2605 441 2654; x_wconf 73' lang='lat' dir='ltr'>vocabula</span> <span class='ocrx_word' id='word_1_409' title='bbox 471 2621 495 2649; x_wconf 87' lang='lat' dir='ltr'>a</span> <span class='ocrx_word' id='word_1_410' title='bbox 525 2604 681 2648; x_wconf 84' lang='lat' dir='ltr'>Latino</span> <span class='ocrx_word' id='word_1_411' title='bbox 710 2615 864 2647; x_wconf 83' lang='lat' dir='ltr'>mutua</span> <span class='ocrx_word' id='word_1_412' title='bbox 891 2597 1110 2660; x_wconf 77' lang='lat' dir='ltr'>accepisse.</span> <span class='ocrx_word' id='word_1_413' title='bbox 1190 2596 1272 2643; x_wconf 89' lang='lat' dir='ltr'>Sed</span> <span class='ocrx_word' id='word_1_414' title='bbox 1302 2595 1416 2642; x_wconf 86' lang='lat' dir='ltr'>bone</span> <span class='ocrx_word' id='word_1_415' title='bbox 1445 2597 1584 2650; x_wconf 90' lang='lat' dir='ltr'>Deus,</span> <span class='ocrx_word' id='word_1_416' title='bbox 1630 2595 1708 2653; x_wconf 89' lang='lat' dir='ltr'>qui</span> <span class='ocrx_word' id='word_1_417' title='bbox 1734 2592 1828 2639; x_wconf 82' lang='lat' dir='ltr'>fieri</span> <span class='ocrx_word' id='word_1_418' title='bbox 1854 2596 2024 2654; x_wconf 86' lang='lat' dir='ltr'>potuit,</span> <span class='ocrx_word' id='word_1_419' title='bbox 2077 2608 2126 2640; x_wconf 92' lang='lat' dir='ltr'>ut</span> <span class='ocrx_word' id='word_1_420' title='bbox 2153 2612 2220 2639; x_wconf 90' lang='lat' dir='ltr'>res</span> <span class='ocrx_word' id='word_1_421' title='bbox 2248 2595 2356 2641; x_wconf 81' lang='lat' dir='ltr'>adeo</span> 
     </span>
     <span class='ocr_line' id='line_1_39' title="bbox 163 2657 2360 2733; baseline -0.006 -13"><span class='ocrx_word' id='word_1_422' title='bbox 163 2674 288 2720; x_wconf 88' lang='lat' dir='ltr'>nobis</span> <span class='ocrx_word' id='word_1_423' title='bbox 311 2672 514 2733; x_wconf 82' lang='lat' dir='ltr'>proprias</span> <span class='ocrx_word' id='word_1_424' title='bbox 536 2667 719 2716; x_wconf 86' lang='lat' dir='ltr'>nostrate</span> <span class='ocrx_word' id='word_1_425' title='bbox 742 2669 888 2727; x_wconf 85' lang='lat' dir='ltr'>lingua</span> <span class='ocrx_word' id='word_1_426' title='bbox 908 2667 1134 2712; x_wconf 87' lang='lat' dir='ltr'>nominare</span> <span class='ocrx_word' id='word_1_427' title='bbox 1154 2680 1244 2710; x_wconf 86' lang='lat' dir='ltr'>non</span> <span class='ocrx_word' id='word_1_428' title='bbox 1264 2659 1511 2723; x_wconf 77' lang='lat' dir='ltr'>possemus3</span> <span class='ocrx_word' id='word_1_429' title='bbox 1543 2676 1617 2708; x_wconf 83' lang='lat' dir='ltr'>aut</span> <span class='ocrx_word' id='word_1_430' title='bbox 1637 2659 1751 2706; x_wconf 85' lang='lat' dir='ltr'>credi</span> <span class='ocrx_word' id='word_1_431' title='bbox 1771 2660 1918 2717; x_wconf 85' lang='lat' dir='ltr'>debet,</span> <span class='ocrx_word' id='word_1_432' title='bbox 1953 2677 2032 2707; x_wconf 88' lang='lat' dir='ltr'>nos</span> <span class='ocrx_word' id='word_1_433' title='bbox 2063 2657 2252 2706; x_wconf 13' lang='lat' dir='ltr'>inihisce</span> <span class='ocrx_word' id='word_1_434' title='bbox 2279 2677 2360 2722; x_wconf 12' lang='lat' dir='ltr'>apo?</span> 
     </span>
     <span class='ocr_line' id='line_1_40' title="bbox 162 2725 2218 2803; baseline -0.011 -16"><span class='ocrx_word' id='word_1_435' title='bbox 162 2737 374 2803; x_wconf 72' lang='lat' dir='ltr'>pellendis</span> <span class='ocrx_word' id='word_1_436' title='bbox 395 2737 578 2796; x_wconf 83' lang='lat' dir='ltr'>propria</span> <span class='ocrx_word' id='word_1_437' title='bbox 597 2733 808 2795; x_wconf 79' lang='lat' dir='ltr'>vocabula</span> <span class='ocrx_word' id='word_1_438' title='bbox 829 2730 973 2793; x_wconf 85' lang='lat' dir='ltr'>postea</span> <span class='ocrx_word' id='word_1_439' title='bbox 995 2729 1185 2777; x_wconf 83' lang='lat' dir='ltr'>deserere</span> <span class='ocrx_word' id='word_1_440' title='bbox 1207 2725 1419 2780; x_wconf 77' lang='lat' dir='ltr'>voluisse?</span> <span class='ocrx_word' id='word_1_441' title='bbox 2214 2744 2218 2746; x_wconf 92' lang='lat'>·</span> 
     </span>
    </p>

    <p class='ocr_par' dir='ltr' id='par_1_10' title="bbox 365 2790 2356 2860">
     <span class='ocr_line' id='line_1_41' title="bbox 365 2790 2356 2860; baseline -0.004 -14"><span class='ocrx_word' id='word_1_442' title='bbox 365 2805 444 2847; x_wconf 90' lang='lat' dir='ltr'>Tu</span> <span class='ocrx_word' id='word_1_443' title='bbox 462 2804 606 2860; x_wconf 86' lang='lat' dir='ltr'>itaque</span> <span class='ocrx_word' id='word_1_444' title='bbox 624 2804 672 2846; x_wconf 76' lang='grc' dir='ltr'>Β.</span> <span class='ocrx_word' id='word_1_445' title='bbox 693 2803 742 2849; x_wconf 88' lang='lat' dir='ltr'>L.</span> <span class='ocrx_word' id='word_1_446' title='bbox 774 2798 853 2845; x_wconf 89' lang='lat' dir='ltr'>tibi</span> <span class='ocrx_word' id='word_1_447' title='bbox 879 2794 1239 2859; x_wconf 64' lang='lat' dir='ltr'>persuasissimum</span> <span class='ocrx_word' id='word_1_448' title='bbox 1268 2794 1379 2840; x_wconf 87' lang='lat' dir='ltr'>habe</span> <span class='ocrx_word' id='word_1_449' title='bbox 1389 2829 1403 2852; x_wconf 76' lang='lat'>,</span> <span class='ocrx_word' id='word_1_450' title='bbox 1435 2793 1525 2840; x_wconf 85' lang='lat' dir='ltr'>haec</span> <span class='ocrx_word' id='word_1_451' title='bbox 1544 2793 1833 2840; x_wconf 81' lang='lat' dir='ltr'>&amp;innumera</span> <span class='ocrx_word' id='word_1_452' title='bbox 1862 2809 1984 2854; x_wconf 83' lang='lat' dir='ltr'>paene</span> <span class='ocrx_word' id='word_1_453' title='bbox 2012 2790 2164 2838; x_wconf 83' lang='lat' dir='ltr'>fimilia</span> <span class='ocrx_word' id='word_1_454' title='bbox 2192 2805 2356 2839; x_wconf 80' lang='lat' dir='ltr'>tantam</span> 
     </span>
    </p>
   </div>
   <div class='ocr_carea' id='block_1_3' title="bbox 166 2856 2357 2928">
    <p class='ocr_par' dir='ltr' id='par_1_11' title="bbox 166 2856 2357 2928">
     <span class='ocr_line' id='line_1_42' title="bbox 166 2856 2357 2928; baseline -0.007 -9"><span class='ocrx_word' id='word_1_455' title='bbox 166 2875 277 2919; x_wconf 84' lang='lat' dir='ltr'>inter</span> <span class='ocrx_word' id='word_1_456' title='bbox 302 2867 344 2915; x_wconf 88' lang='lat' dir='ltr'>se</span> <span class='ocrx_word' id='word_1_457' title='bbox 371 2863 574 2928; x_wconf 70' lang='lat' dir='ltr'>praeferre</span> <span class='ocrx_word' id='word_1_458' title='bbox 607 2865 881 2924; x_wconf 80' lang='lat' dir='ltr'>affinitatem,</span> <span class='ocrx_word' id='word_1_459' title='bbox 913 2864 1033 2925; x_wconf 76' lang='lat' dir='ltr'>quod</span> <span class='ocrx_word' id='word_1_460' title='bbox 1062 2880 1110 2909; x_wconf 84' lang='lat' dir='ltr'>ex</span> <span class='ocrx_word' id='word_1_461' title='bbox 1142 2861 1370 2908; x_wconf 88' lang='lat' dir='ltr'>communi</span> <span class='ocrx_word' id='word_1_462' title='bbox 1401 2858 1532 2921; x_wconf 87' lang='lat' dir='ltr'>stirpe</span> <span class='ocrx_word' id='word_1_463' title='bbox 1558 2875 1642 2907; x_wconf 88' lang='lat' dir='ltr'>tres</span> <span class='ocrx_word' id='word_1_464' title='bbox 1669 2860 1735 2908; x_wconf 81' lang='lat' dir='ltr'>hae</span> <span class='ocrx_word' id='word_1_465' title='bbox 1765 2860 1921 2921; x_wconf 80' lang='lat' dir='ltr'>linguae</span> <span class='ocrx_word' id='word_1_466' title='bbox 1947 2856 2357 2919; x_wconf 80' lang='lat' dir='ltr'>propullulaverint‚</span> 
     </span>
    </p>
   </div>
   <div class='ocr_carea' id='block_1_4' title="bbox 2283 2921 2355 2970">
    <p class='ocr_par' dir='ltr' id='par_1_12' title="bbox 2283 2921 2355 2970">
     <span class='ocr_line' id='line_1_43' title="bbox 2283 2921 2355 2970; baseline 0 0"><span class='ocrx_word' id='word_1_467' title='bbox 2283 2921 2355 2970; x_wconf 83' lang='lat' dir='ltr'>sed</span> 
     </span>
    </p>
   </div>
  </div>
 </body>
</html>
