2473 3380
174 181 271 232 150
545 163 860 219 DISSERT.
897 165 1003 216 DE
1042 162 1301 219 VERBIS
1340 165 2009 222 MOESOGOTHORUM.

171 281 217 329 ὅ(
244 278 564 328 aemularentur.
644 276 802 325 Paffiva
831 277 1083 336 coniugatio
1114 273 1208 320 solo
1233 272 1431 335 praesenti
1457 291 1677 339 tempore,
1711 281 1844 327 altero
1874 281 2093 326 indicativi
2121 279 2257 327 altero
2286 278 2380 327 sub.

172 344 357 393 iun&ivi
388 345 511 391 modi
539 342 795 399 absolvitur,
831 343 895 388 uti
921 341 1060 402 probe
1088 341 1393 387 animadvertit
1418 342 1550 391 Edw,
1579 345 1695 412 Lye,
1718 340 1774 391 'in
1803 346 1966 397 (yram⁴
2000 345 2216 402 Gonu-ca,
2247 363 2379 406 quem

173 412 330 460 fimilia
348 412 589 458 tradentem
609 410 752 455 videre
772 409 886 462 licet,
903 424 1006 469 pag.
1028 420 1104 467 50.
1150 410 1215 455 Ea
1232 423 1352 464 vern,
1383 426 1480 469 quae
1502 410 1604 468 dixi,
1629 425 1679 458 ut
1703 412 1859 459 melius
1882 410 2180 478 dispalescant,
2209 410 2381 460 schema

170 479 494 543 coniugationis
519 473 688 540 paffivae
707 471 987 536 subiungam,

410 643 439 695 h
478 649 488 659 ⁶
539 644 575 695 d
953 573 1167 642 Praesbnssr
1208 577 1455 628 Indicativi
1487 575 1610 628 modi

172 655 294 716 smg⁴
335 666 376 701 ι’
424 657 834 764 ἔξιιιιὲειῗῖιεῖιὲιῖιέἷᾶα,
849 712 1003 752 exaltor.
1019 709 1109 764 Joh.
1125 723 1183 761 12,
1199 724 1260 759 32.
1289 710 1478 765 daupjada,
1497 712 1680 765 baptizor,
1707 708 1826 753 Marc.
1842 726 1900 763 10,
1916 726 1979 766 39,

328 784 377 818 2.
412 768 624 825 haitaza,
659 768 842 816 vocaris,

420 845 459 875 v.
479 835 572 874 Luc.
595 833 706 881 1,760
719 830 930 885 galagjaza,
947 833 1111 885 poneris.
1140 831 1281 875 Matth.
1301 843 1335 882 ς,
1353 843 1415 881 25.

332 903 377 949 3.
415 883 620 945 haitada,
652 901 846 936 vocatur.

424 966 464 994 ν.
479 951 622 995 Matth.
636 963 671 1001 5,
693 963 751 1003 19.
781 951 880 991 conf.
902 949 1116 996 usmaitada,
1142 950 1400 1000 exscindetur,
1419 951 1657 1004 ushauhjada,
1685 952 1909 992 exaltabitur
1950 951 2153 1004 afnimada,
2179 950 2380 994 auferetur.

421 1006 561 1047 Matth.
581 1018 617 1058 9,
633 1016 693 1053 ις.
723 1003 920 1063 uslgj'iiſjzda,
945 1004 1209 1056 reprobabitur
1227 1008 1321 1047 Luc,
1338 1017 1396 1052 17,
1417 1017 1479 1053 25.
1497 1019 1575 1057 quo
1593 1007 1688 1046 refer
1698 1004 1891 1060 gasupoda,
1910 1005 2121 1047 condietur.
2137 1008 2230 1048 Luc.
2247 1019 2305 1057 15,
2319 1020 2380 1057 3-4.

411 1058 634 1112 gakrotuda,
653 1058 970 1109 conquassabitur.
991 1058 1086 1097 Luc.
1107 1071 1167 1106 20,
1192 1066 1248 1101 18.
1267 1060 1303 1098 ὃ(
1320 1058 1484 1111 plurima
1501 1060 1581 1100 alia.

167 1117 292 1168 Plur.
332 1129 372 1167 1.
403 1112 640 1168 haitanda,
673 1129 896 1158 vocamur.

424 1177 526 1218 conf.
539 1174 768 1230 gasatjanda,
795 1174 1078 1214 collocabimur.
1101 1178 1216 1219 Rom.
1231 1188 1288 1226 14,
1306 1190 1365 1216 10.

323 1246 372 1285 2.
408 1230 649 1287 haitanda,
682 1231 920 1277 vocamini.

423 1296 526 1338 conf.
549 1292 787 1348 afdomjanda,
806 1293 1174 1342 condemnabimini,
1192 1291 1289 1335 Luc.
1303 1295 1337 1344 6,
1354 1306 1414 1343 37.
1437 1292 1670 1348 ufhlcy'anda,
1687 1295 2002 1346 exhilarabimini,
2021 1311 2055 1338 v,
2073 1309 2111 1337 2¹
2127 1298 2182 1348 ι).

325 1368 370 1414 3.
407 1350 656 1411 haitanda,
695 1365 921 1398 vocantur.

379 1425 383 1428 '
425 1417 527 1458 conf.
548 1414 809 1467 uswairpanda,
829 1415 1037 1465 ejicientur,
1054 1413 1194 1456 Matth.
1212 1422 1246 1462 8,
1260 1427 1320 1456 12.
1341 1413 1524 1466 afletanda,
1542 1417 1797 1456 remittentur.
1815 1415 1952 1456 Matth.
1968 1427 2003 1467 9,
2017 1430 2052 1457 2.
2081 1414 2381 1469 wailameijanda,

423 1471 754 1522 euangelizantur.
774 1470 865 1520 Cap.
883 1480 942 1516 11,
955 1480 992 1516 ς.
1138 1484 1140 1489 ⁴
2357 1473 2363 1476 -

237 1550 273 1596 Ι.
307 1545 388 1592 Uti
407 1561 436 1593 u
455 1545 501 1590 in
521 1540 605 1588 fine
624 1557 785 1588 vocum
805 1555 951 1586 amant
968 1539 1131 1595 Gothi,
1168 1540 1226 1585 ita
1253 1538 1298 1585 id
1326 1539 1532 1587 omnibus
1549 1537 1747 1601 personis
1765 1537 2021 1586 adiunEium
2040 1540 2253 1596 invenies,
2282 1558 2318 1591 e,
2338 1557 2380 1602 g.

303 1611 545 1668 haitazau,
573 1606 908 1675 gaumjandau.
944 1606 1110 1657 Matth.
1131 1611 1176 1663 6,
1200 1621 1241 1665 ς.
1279 1607 1481 1668 inprimis
1508 1624 1612 1653 vero
1638 1607 1781 1654 verbis
1811 1607 1937 1653 modi
1967 1603 2235 1653 coniunfflvi
2265 1624 2302 1655 e,
2335 1624 2380 1668 g.

308 1676 663 1742 andhuljaidau,
690 1671 1030 1735 ufkunnaidau,
1066 1671 1319 1730 haitaidau,
1348 1671 1687 1739 gastziqlzaizau.

236 1749 295 1795 ΙΙ.
330 1743 516 1792 Praesens
538 1757 716 1802 tempus
740 1738 883 1787 futuri
903 1738 1260 1801 significationem
1285 1738 1601 1800 saepenumero,
1635 1740 1865 1787 idiotismo
1888 1737 2050 1786 Gothis
2079 1736 2381 1800 perfamiliari,

305 1808 518 1859 adsciscit:
552 1808 657 1853 hine
681 1806 870 1855 haitaza
899 1807 1107 1867 exprimit
1133 1806 1316 1851 latinum
1345 1809 1537 1864 vocaris,
1571 1824 1691 1866 aeque
1718 1824 1765 1852 ac
1792 1806 2039 1863 vocaberis,
2074 1809 2179 1858 Luc.
2205 1820 2279 1869 14,
2306 1820 2378 1859 10.

305 1875 509 1931 haitada,
528 1889 706 1921 vocatur
724 1874 767 1920 ὅτ
786 1872 1026 1919 vocabitur.
1060 1871 1220 1920 Matth.
1237 1886 1280 1929 ς,
1298 1886 1370 1928 19.

236 1947 317 1994 111.
352 1947 417 1990 Ex
443 1943 531 1989 hoc
556 1938 772 1988 schemate
792 1954 922 2001 patet,
951 1956 1092 1985 errare
1115 1937 1384 2004 Hickefium‚
1412 1940 1487 1998 qui
1504 1938 1627 1985 hasce
1647 1939 1973 1984 terminationes
1996 1937 2234 1986 verborum
2255 1937 2378 2002 paffi-

306 2026 467 2058 vorum
488 2011 534 2055 in
552 2006 611 2056 da
629 2008 670 2054 ὅ(
687 2023 745 2055 za
763 2023 848 2068 pro
870 2007 1114 2067 participiis
1137 2007 1304 2066 generis
1326 2007 1573 2053 communis
1594 2004 1733 2054 habet.
1764 2022 1806 2052 ν.
1828 2021 1920 2066 cap.
1942 2019 1990 2061 9.

236 2080 314 2126 IV.
346 2076 491 2125 Verba
510 2077 555 2122 in
572 2089 626 2124 on
644 2074 855 2132 exeuntia,
876 2075 921 2119 in
943 2071 1101 2135 paffiva
1121 2070 1266 2119 forma
1286 2073 1371 2121 oda
1391 2071 1563 2121 habent,
1584 2090 1623 2121 e.
1645 2088 1685 2133 g.
1694 2069 1893 2137 frijoda.
1911 2072 2013 2136 joh,
2033 2085 2107 2133 14,
2130 2084 2209 2121 21.

933 2174 1147 2241 Pra'fi’us
1187 2174 1463 2226 Coniunciivi
1497 2175 1619 2224 modi

169 2275 290 2334 Sing.
332 2284 371 2318 1.
401 2263 608 2316 haitaida
632 2265 701 2312 vel
719 2262 985 2325 haitandau,
1016 2281 1163 2312 vocer.

422 2334 515 2372 Luc.
531 2345 544 2372 ι
556 2343 591 2380 5,
605 2344 665 2372 21.
693 2331 794 2370 conf.
815 2329 1048 2395 fffhzjaidau,
1067 2343 1273 2379 removeat,
1292 2332 1381 2370 Luc.
1398 2329 1456 2378 16,
1468 2342 1504 2378 4.

329 2405 376 2441 2.
412 2385 629 2442 haimim,
664 2402 765 2442 zau,
797 2403 979 2437 vocerls,

424 2451 569 2496 v-Luc.
584 2463 644 2501 14,
660 2463 722 2491 10.
742 2449 841 2490 conf.
855 2448 1123 2503 gafiziqlzaizau,
1150 2449 1317 2498 videaris,
1337 2448 1477 2490 Matth.
1489 2447 1603 2497 6,18·

327 2524 372 2571 3.
407 2505 629 2562 bauaida,
664 2504 769 2562 dau,
802 2520 994 2554 vocetur.

427 2573 528 2614 conf.
542 2569 839 2626 gabairhtjaidau,
862 2568 1131 2610 manifestetur.
1152 2569 1269 2610 Marc.
1288 2581 1325 2618 4,
1346 2582 1406 2609 22.
1425 2565 1628 2620 safjaidau,
1653 2578 1690 2607 ν.
1713 2577 1773 2605 21.
1793 2564 2031 2620 galagjaidau.
2061 2569 2156 2621 Cap.
2168 2577 2205 2620 9,
2217 2577 2282 2617 4²0

169 2632 289 2681 Plur.
316 2636 374 2679 ¹1.
408 2625 659 2682 haitainda,
691 2624 781 2673 dau
796 2656 808 2679 ,
841 2641 1065 2673 vocemur.

423 2707 503 2735 non
520 2689 679 2746 quidem
698 2690 861 2731 occurrit
875 2688 953 2730 haec
969 2689 1125 2743 persona
1142 2691 1181 2730 in
1199 2687 1282 2729 cod.
1303 2701 1380 2740 arg.
1398 2685 1459 2727 sed
1475 2700 1543 2739 per
1559 2685 1773 2737 analogiam
1791 2685 1942 2727 evidens
1961 2686 2024 2733 est.

2207 2754 2252 2788 2.
2276 2735 2372 2788 hai-

223 2860 267 2912 *)
290 2862 384 2901 Haec
401 2861 570 2913 genuina
584 2859 687 2899 vocis
706 2857 903 2910 explicatio
923 2854 995 2895 est:
1021 2853 1139 2905 hlavian
1154 2854 1240 2896 alias
1255 2853 1374 2893 ridere
1390 2862 1507 2900 notat,
1525 2850 1701 2893 Suethice
1717 2850 1762 2899 le,
1780 2851 1874 2890 olim
1891 2851 1953 2898 hle,
1973 2849 2078 2903 quod
2094 2850 2208 2890 etiam
2229 2865 2296 2903 pro
2316 2853 2371 2892 in·

276 2924 383 2954 terno
401 2915 519 2952 animi
536 2912 676 2966 gaudio
694 2909 917 2964 usurpatum
934 2909 1139 2949 invenitur.
1156 2907 1251 2959 Hist.
1268 2906 1372 2946 Alex.
1389 2906 1451 2945 M.
1477 2905 1531 2944 At
1546 2919 1627 2943 man
1647 2917 1772 2943 matte:
1801 2906 1814 2942 i
1819 2902 1887 2956 fin
1902 2904 2014 2942 hiena
2031 2902 2088 2951 lee,
2106 2914 2150 2942 ut
2167 2904 2264 2944 intra
2279 2919 2369 2957 prae-

276 2966 405 3006 cordia
431 2967 515 3018 quis
541 2968 733 3005 laetaretur.
786 2966 835 3005 Et
859 2964 911 3003 ita
936 2961 1132 3010 videmus,
1157 2961 1263 3002 nullo
1288 2959 1372 3000 heic
1396 2957 1657 3012 supplemento
1684 2967 1808 2998 textus
1835 2969 1931 3009 opus
1950 2954 2036 2996 esse.
2075 2957 2189 2999 Conf.
2217 2956 2369 3010 Ulphilas

274 3018 408 3071 Illustr.
429 3033 465 3070 p.
478 3029 539 3067 53,
580 3067 584 3077 x
