2473 3380
863 116 910 167 L
951 115 1076 172 Uc
1103 116 1188 170 ΑΞ.
1274 89 1361 169 ιἰ.
1445 113 1563 169 ιιι.
2229 126 2295 176 45

100 243 177 296 37.
194 227 286 294 ᾗῇ
307 231 354 292 0)
371 227 426 277 'ni
442 225 597 292 afiddja
615 223 750 276 fairra
774 226 861 282 alh.
903 227 1159 295 fastubnjam
1239 241 1318 293 37.
1353 232 1462 276 Haec
1488 243 1580 276 non
1605 220 1783 272 disceffit
1807 239 1830 272 e
1846 224 2032 288 templo,
2059 221 2296 288 ieiuniisb&

158 298 234 360 jah
264 297 419 344 bIdom
442 295 667 345 blotandei
687 299 737 361 p)
765 292 856 347 fan.
1302 294 1504 358 precibus
1533 295 1679 341 colens
1699 293 1863 341 Deum.

90 371 181 425 (38.
212 363 286 425 jah
313 363 470 410 rodida
498 362 544 409 bi
570 363 642 408 ina
662 365 709 410 in
725 363 771 427 q)
801 362 963 413 allaim.
1241 370 1319 427 38.
1353 365 1411 409 Et
1427 359 1688 422 loquebatur
1713 358 1766 406 de
1785 375 1838 405 eo
1857 359 1971 407 inter
1996 372 2163 406 omnes.

93 443 174 490 40.
209 429 380 475 ahmins
408 426 671 492 fullnands.
709 431 757 489 r)
1234 444 1315 489 40.
1349 430 1516 489 Spiritu
1539 427 1760 488 impletus·

93 509 172 557 43.
203 496 278 559 jah
304 497 347 541 ni
367 494 577 558 wffldun
592 495 636 554 s)
671 491 787 541 iosef
803 494 877 558 jah
903 494 1037 542 aithei
1067 494 1121 543 is.
1233 509 1313 554 43.
1346 498 1402 540 Et
1430 492 1696 540 nesciverunt
1717 488 1936 556 Josephus
1960 491 2003 539 δι
2022 503 2161 540 mater
2185 489 2295 540 eius·

92 569 172 624 46.
210 563 389 621 bigetun
417 564 489 610 ina
515 563 561 608 in
588 561 683 615 alh.
704 559 748 626 t)
1233 568 1312 621 46.
1349 563 1610 607 Invenerunt
1637 576 1738 605 eum
1767 559 1813 604 in
1842 559 2031 621 temple.

90 642 171 691 47.
205 628 494 690 hausjand-ans
525 631 580 680 is.
605 631 654 689 v)
1231 640 1313 687 47.
1350 626 1584 673 Audientes
1611 625 1758 675 illum.

94 709 175 756 5¹·
208 690 364 743 aithei.
384 699 444 756 x)
480 695 553 744 St.
585 695 718 743 athei.
908 674 930 696 ³⁰
1234 705 1309 752 51.
1345 694 1507 743 Mater.

491 764 599 821 Cap·
655 762 736 806 ¹11³
1634 759 1743 819 cap.
1805 761 1890 806 111:

93 839 135 876 1.
171 825 322 888 injera
347 825 453 874 than
466 822 884 895 fimftataihundin.
901 822 953 890 y)
1237 840 1303 937 ri?
1319 826 1452 870 Anno
1481 837 1629 870 autem
1660 824 1834 870 decimo
1861 825 2032 884 quinto.
2234 887 2278 936 ‘b

1341 905 1364 952 3
2232 907 2248 935 1
2282 923 2295 938 .

136 1003 176 1056 o)
201 1005 242 1042 B.
267 1001 460 1042 assentitur
477 1000 621 1049 codici,
649 1012 767 1052 quem
783 1000 819 1051 J.
839 999 875 1037 ἃ
895 999 948 1038 St.
969 997 1143 1038 deserunt
1160 999 1329 1051 legentes
1342 999 1406 1052 fi),
1434 998 1529 1048 {vide
1546 1011 1630 1051 quae
1647 996 1926 1039 observavimus
1944 997 1993 1038 ad
2011 999 2129 1040 Marc.
2152 1009 2215 1046 12,
2235 1008 2296 1039 10.

190 1055 241 1096 16
270 1067 327 1093 ιο.
352 1055 394 1093 in
426 1054 542 1094 notis.

131 1111 182 1164 p>
209 1083 263 1146 It'a
279 1106 397 1159 probe
415 1105 508 1145 editi
515 1119 528 1153 3
555 1104 609 1144 est
624 1105 731 1144 enim
745 1104 825 1144 haec
840 1102 1056 1144 terminatio
1073 1103 1307 1145 usitatissima
1320 1105 1506 1144 nominat.
1524 1104 1620 1158 fing.
1648 1104 1814 1158 praesent.
1839 1106 2008 1160 particip.
2032 1103 2210 1146 feminin.
2228 1115 2292 1155 ge-

187 1160 312 1208 neris,
349 1169 394 1198 ut
417 1157 619 1210 dailjarzdei,
656 1158 735 1197 haec
761 1158 952 1205 dividens,
969 1157 1176 1210 sokjandei‚
1213 1158 1291 1198 haec
1315 1172 1501 1211 quaerens,
1539 1161 1609 1198 &c.
1629 1160 1670 1199 in
1692 1159 1822 1200 codice
1856 1171 1986 1200 autem
2017 1159 2148 1199 minus
2175 1157 2292 1197 reite:

185 1210 353 1254 blotande.
411 1210 512 1250 Blota
524 1240 534 1258 ,
561 1210 773 1263 significatu
792 1210 1059 1258 vetustiffimo‚
1094 1211 1239 1249 vistimis
1264 1209 1309 1251 Εἴ
1333 1211 1448 1260 hostiis
1476 1211 1571 1250 Deos
1588 1211 1752 1263 placare,
1786 1212 1891 1254 unde
1917 1212 2020 1266 apud
2046 1212 2086 1251 V
2082 1209 2221 1250 erelium
2249 1210 2291 1251 in

184 1265 269 1304 lnd.
294 1263 382 1311 blot,
411 1262 577 1315 bhrfiap,
608 1263 834 1302 sacrificium
864 1275 1087 1309 cruentum,
1123 1261 1323 1316 blmgodur,
1355 1262 1624 1303 sacrificiorum
1644 1264 1833 1317 praefides,
1868 1264 2066 1305 blotmadur
2086 1263 2218 1311 mikill,
2246 1263 2290 1304 in

183 1316 423 1358 sacrificando
442 1316 628 1363 affiduus,
654 1315 805 1362 blatlzus,
833 1315 988 1363 fanum,
1016 1315 1243 1363 delubrum,
1273 1317 1343 1354 &e
1381 1329 1415 1354 v.
1435 1318 1549 1355 Herv.
1569 1319 1655 1368 Sag.
1684 1330 1718 1358 c.
1741 1326 1806 1357 20.
1819 1332 1860 1371 p.
1887 1325 1972 1364 ¹83-
2027 1316 2138 1357 Hanc
2151 1328 2288 1355 vocem

184 1369 310 1423 postea
329 1371 567 1409 retinuerunt
585 1366 705 1407 Mceso
716 1389 729 1396 -
742 1367 880 1415 Gothi,
908 1370 943 1407 ὃ(
963 1382 1051 1408 vero
1069 1368 1143 1408 Dei
1159 1369 1281 1407 cultui
1297 1368 1573 1408 adhibuerunt:
1599 1369 1688 1408 hinc
1705 1368 1820 1408 blotan
1838 1371 1911 1409 illis
1933 1369 1986 1409 est
2004 1370 2125 1409 colere
2143 1371 2287 1416 Deum,

189 1424 226 1462 ὅ(
239 1420 494 1475 gotltblostreis,
522 1421 595 1460 Dei
611 1421 732 1458 cultor
779 1419 855 1470 Joh
888 1432 924 1470 9,
948 1432 1005 1466 3¹·
1026 1433 1195 1472 quorum
1213 1420 1381 1459 radicem
1400 1420 1471 1460 effe
1488 1419 1600 1468 bloth,
1627 1421 1800 1473 languis,
1827 1421 1962 1464 Sueth.
1979 1421 2075 1470 blod,
2111 1435 2132 1461 a
2155 1415 2286 1470 βλῦειν,

182 1473 380 1521 scaturire,
409 1470 532 1511 censet
548 1471 686 1522 Junius
701 1473 742 1510 in
761 1471 912 1511 Glossar.
930 1472 1106 1514 Gothico.
1161 1473 1235 1513 Sed
1261 1473 1363 1515 conf.
1384 1476 1540 1525 Fragm.
1568 1473 1687 1527 Ulph.
1704 1475 1752 1515 ad
1773 1478 1882 1517 Rom.
1905 1486 1967 1524 12,
1986 1486 2022 1520 ι.

65 1572 73 1579 Ἴ
130 1526 176 1581 q)
200 1529 240 1580 J.
259 1527 431 1578 ingratiis
449 1525 588 1565 codicis
605 1524 731 1563 omifit
747 1524 1083 1578 praepositionem,
1124 1539 1241 1578 quam
1261 1528 1315 1567 St.
1339 1528 1373 1567 ὅ(
1395 1529 1440 1569 Β.
1458 1525 1716 1567 restituerunt.

127 1586 166 1631 r)
192 1584 246 1620 St.
264 1578 464 1631 fitlnandr,
492 1579 555 1617 cui
572 1579 806 1630 opponimus
826 1579 1066 1631 primitivum
1073 1578 1189 1630 fulls,
1217 1582 1310 1619 Luc.
1333 1591 1367 1628 ς,
1395 1592 1457 1622 12.
1485 1579 1617 1620 Sueth.
1631 1579 1721 1630 full,
1749 1579 1951 1632 &fulljan,
1978 1580 2156 1632 implere,
2172 1578 2284 1630 fylla,

178 1631 283 1673 unde
288 1630 490 1683 fidyanch,
518 1632 698 1683 implens,
731 1631 873 1673 Matth.
903 1644 964 1680 27,
981 1640 1045 1681 48.
1068 1631 1151 1681 fuls
1178 1644 1306 1671 autem
1334 1634 1450 1684 longe
1479 1633 1549 1672 alia
1575 1647 1650 1672 vox
1679 1633 1748 1681 est,
1785 1636 1821 1672 ὅ(
1849 1643 1956 1673 notat
1970 1632 2157 1686 foetidum,
2191 1632 2281 1684 Joh.

183 1698 197 1726 ι
211 1696 245 1730 ¹,
265 1697 325 1735 39.
379 1683 512 1735 Atque
532 1683 588 1724 his
609 1684 726 1736 probe
746 1683 963 1732 observatis,
991 1685 1097 1725 facile
1116 1687 1232 1724 etiam
1252 1688 1391 1739 corrigi
1412 1685 1565 1738 possunt
1589 1686 1731 1726 menda
1757 1687 1821 1726 illa
1850 1687 2010 1734 leviora,
2053 1698 2149 1738 quae
2175 1686 2281 1726 ineu*

177 1740 230 1778 ria
247 1736 499 1777 Amanuenfis
516 1737 685 1776 admittit
703 1736 863 1776 nobiliss.
887 1739 1014 1778 auctor
1038 1740 1079 1778 in
1095 1739 1243 1786 Indice,
1281 1739 1349 1779 sub
1378 1753 1483 1780 voce.

125 1791 164 1842 s)
188 1791 322 1832 Codex
337 1789 451 1829 habet
468 1789 636 1841 wisedmz:
673 1790 766 1830 editi
783 1790 830 1829 ad
849 1793 1063 1843 analogiam
1080 1793 1236 1845 propius
1254 1789 1436 1846 wzffedun,
1463 1802 1507 1831 ut
1528 1791 1624 1833 infra
1641 1804 1672 1832 c.
1693 1805 1732 1842 4,
1749 1804 1811 1842 41.
1837 1805 1860 1832 a
1874 1793 2005 1840 witan,
2031 1788 2132 1839 scire,
2151 1788 2281 1832 Sueth.

177 1855 280 1892 veta,
308 1841 431 1882 Germ
460 1841 594 1895 wzffi’n,
623 1844 729 1896 quod
754 1843 885 1883 videfis
907 1845 1010 1896 apud
1029 1845 1270 1883 Wachterum.
1540 1866 1555 1896 s

121 1898 160 1948 t)
185 1897 247 1937 Sic
263 1896 375 1936 editi:
405 1895 524 1936 codex
542 1895 666 1936 noster
689 1908 836 1949 praeter
865 1896 1204 1945 consuetudinem,
1238 1900 1272 1937 ὅ(
1299 1897 1391 1936 vitio
1416 1897 1519 1937 haud
1548 1899 1663 1939 dubie
1691 1911 1912 1952 operarum,
1949 1896 2034 1940 allh.
2061 1896 2117 1937 cfr
2154 1898 2280 1938 Marc.

107 1949 113 1953 ’
175 1961 238 1998 11,
260 1962 319 1993 11·
347 1960 402 1996 15.
427 1949 486 1988 16·
518 1961 578 1996 ¹4²
599 1957 662 1995 58.
684 1961 746 1998 15',
770 1962 832 2001 29.
851 1952 944 1991 Luc.
968 1963 1002 1998 1,
1025 1963 1085 1992 21.
1111 1963 1170 1990 22.
1240 1953 1329 1991 Una
1357 1950 1449 1990 haec
1475 1950 1527 1990 est
1551 1966 1713 2000 vocum,
1749 1965 1913 2005 quarum
1938 1950 2131 1991 occasione
2157 1950 2276 1990 celeb.

169 2004 293 2045 Dom.
311 2000 441 2054 Praeses
457 2001 726 2042 demonstravit
743 2003 934 2054 insignem
951 2005 1055 2044 illam
1081 2003 1325 2052 affinitatem,
1371 2017 1468 2056 quae
1494 2004 1545 2044 est
1575 2006 1672 2045 inter
1694 2006 1869 2058 linguam
1895 2003 2099 2045 Gothicam
2131 2004 2167 2043 ὃ(
2197 2003 2277 2043 lati-

169 2068 283 2103 nam,
317 2067 392 2107 qua
410 2054 456 2094 de
476 2054 561 2094 vide
577 2054 685 2108 supra
701 2056 894 2095 laudatam
911 2058 1208 2098 Praefationem:
1238 2057 1343 2110 quod
1360 2071 1446 2097 vero
1464 2058 1600 2098 exinde
1618 2058 1835 2111 persuadere
1853 2058 1921 2098 fibi
1937 2057 2135 2097 videantur
2151 2056 2276 2096 aufto-

168 2121 226 2148 res
243 2108 472 2146 relationum
490 2106 753 2160 Gcettingens.
779 2111 870 2148 anni
893 2122 1004 2157 1752.
1021 2125 1060 2150 n.
1086 2118 1144 2154 82.
1163 2124 1231 2150 nos
1249 2110 1405 2162 fugisse,
1430 2109 1502 2149 usu
1520 2113 1647 2164 vigere
1668 2111 1767 2151 hanc
1792 2125 1927 2151 vocem
1952 2113 1995 2150 in
2021 2112 2154 2163 lingua
2182 2111 2273 2149 Ger-

167 2162 317 2199 manica
334 2162 366 2197 ὅι
386 2161 586 2210 praecipue
603 2161 907 2211 Anglosaxonica
918 2191 928 2209 ,
955 2162 994 2200 id
1015 2163 1174 2213 quidem
1192 2163 1358 2202 modeste
1381 2165 1645 2215 praeterimus,
1674 2167 1709 2204 ὅ(
1725 2166 1834 2217 plura
1854 2163 2127 2204 desiderantem
2152 2163 2271 2203 mitti-

166 2224 256 2252 mus
293 2211 341 2251 ad
367 2212 520 2262 Specim
567 2212 718 2250 Glossar.
745 2212 941 2264 Ulphilan.
969 2227 1041 2253 nec
1072 2228 1153 2252 non
1183 2215 1364 2253 Wachter.
1394 2217 1435 2253 in
1467 2215 1620 2254 Gloss'ar.
1655 2230 1690 2266 p.
1713 2217 1803 2264 643.
1913 2216 2110 2256 Addimus
2138 2226 2269 2255 tamen

166 2265 313 2311 adhuc,
340 2264 446 2316 quod
465 2262 599 2303 eadem
618 2277 693 2304 vox
710 2266 752 2304 in
769 2266 902 2317 lingua
919 2265 1137 2313 Esthonica‚
1166 2265 1277 2305 fimili
1297 2267 1404 2317 plane
1423 2267 1541 2306 modo
1565 2280 1606 2306 ae
1629 2268 1670 2306 in
1685 2267 1798 2306 latina
1816 2266 1989 2319 superfit,
2021 2268 2210 2307 nimirum
2227 2269 2271 2307 in

162 2316 316 2364 Hallial,
344 2315 474 2368 Kufizl,
501 2315 656 2368 Hapfhl,
687 2317 787 2365 Leal,
817 2320 887 2357 dcc.
910 2332 1006 2370 quae
1025 2318 1254 2358 Esthonibus
1271 2317 1357 2357 sunt
1374 2320 1532 2371 templa,
1559 2320 1617 2359 his
1635 2319 1859 2359 nominibus
1877 2318 2074 2371 infignita,
2109 2333 2180 2360 ceu
2199 2333 2269 2361 no-

159 2369 318 2417 biscum,
338 2383 407 2422 pro
427 2367 494 2408 suo
509 2370 551 2409 in
570 2383 640 2409 nos
658 2369 797 2420 favore,
813 2372 1113 2411 communicavit
1129 2385 1260 2411 rerum
1281 2373 1532 2411 livonicorum
1549 2374 1739 2425 eleganter
1754 2374 1894 2426 peritus
1913 2372 1962 2415 cl.
1979 2371 2051 2415 Eil.
2065 2374 2266 2428 Wettring.

117 2422 164 2467 υ)
186 2425 224 2476 J.
249 2424 283 2462 8<
301 2425 357 2464 St.
377 2424 453 2465 ina.
509 2421 576 2462 cfr.
597 2426 783 2463 Annotat.
813 2424 861 2463 ad
886 2423 1006 2465 v.⁶2o.
1034 2424 1340 2473 antecedentem,
1370 2437 1449 2465 not.
1471 2427 1497 2467 i.
2128 2426 2135 2442 ¹

110 2475 161 2525 x)
184 2477 220 2528 J.
242 2477 277 2514 8<
292 2477 333 2514 B.
352 2475 470 2522 recte,
497 2486 613 2528 prout
639 2478 692 2519 St.
714 2478 755 2516 in
772 2476 931 2520 Glossar.
955 2491 993 2530 p.
1015 2489 1054 2524 7.
1082 2493 1119 2520 v.
1137 2480 1231 2518 Luc.
1259 2490 1272 2516 1
1290 2506 1299 2525 ,
1328 2490 1390 2525 43.
1412 2479 1476 2518 60.
1532 2479 1649 2519 Vocis
1676 2477 1862 2518 familiam
1889 2476 2108 2519 conservant
2128 2478 2260 2520 hodie·

162 2541 238 2580 que
265 2530 482 2574 Fennones‚
511 2529 652 2580 quibus
677 2532 765 2574 aeiti,
788 2540 935 2578 mater,
960 2532 1116 2578 aeitinen,
1149 2531 1371 2578 matercula,
1397 2529 1591 2580 aeitillmen,
1618 2542 1832 2580 maternus,
1864 2532 1903 2570 in
1921 2532 2060 2571 Lexico
2078 2532 2260 2581 Juslenia-

161 2594 226 2620 no:
283 2581 378 2632 quin
395 2582 429 2619 &
449 2582 558 2629 aitea,
584 2582 756 2622 eiusdem
778 2583 879 2632 apud
897 2586 973 2635 Lap
1004 2597 1094 2623 ones
1120 2583 1362 2636 significatus,
1389 2584 1627 2625 observatum
1648 2584 1894 2623 §tiernhielmio
1912 2586 1953 2623 in
1972 2585 2115 2626 Indice.
2142 2586 2261 2633 Huic,

161 2632 300 2673 eodem
319 2646 424 2689 paene
438 2632 549 2682 sono,
579 2633 763 2674 consentit
781 2634 899 2675 Graec.
919 2638 979 2675 Bit
1009 2651 1063 2689 yn
1096 2639 1130 2676 ἅ
1153 2636 1374 2688 Moesogoth
1406 2649 1500 2684 atta,
1529 2650 1652 2690 pater,
1680 2647 1884 2676 annotante
1903 2637 2018 2686 Junio
2037 2639 2078 2677 in
2095 2635 2257 2679 Glossar.

160 2687 198 2725 ἀ
218 2684 301 2737 Bas?
319 2684 428 2723 raher
452 2686 494 2724 in
519 2685 688 2726 Thesaur
756 2688 1098 2742 Qiemadmodum
1129 2690 1244 2729 etiam
1271 2690 1319 2729 ad
1344 2689 1442 2729 hanc
1467 2690 1617 2731 classem
1642 2690 1801 2743 spectare
1826 2692 1976 2727 animun
2002 2689 2066 2729 stu
2091 2690 2258 2730 atlantem

156 2738 330 2791 pluribus
358 2737 469 2777 docet
491 2739 572 2778 Cel.
603 2738 769 2781 Rudbeck
791 2740 929 2782 Atlant
959 2745 1009 2784 T.
1026 2755 1060 2783 1.
1090 2755 1110 2782 c
1133 2745 1216 2783 VII.
1244 2743 1277 2792 §.
1292 2754 1326 2791 ς.
1350 2757 1390 2796 p.
1411 2755 1500 2783 211.
1555 2747 1615 2786 De
1642 2744 1798 2796 antiqua
1821 2741 1891 2782 hac
1914 2755 2007 2783 voce
2032 2743 2117 2784 vide
2141 2757 2256 2797 porro

26 2817 29 2820 -
164 2791 349 2829 Wachter.
373 2792 413 2829 in
431 2788 590 2830 Glossar.
618 2805 660 2843 p.
678 2793 725 2831 26

88 2845 150 2894 y)
186 2844 288 2883 Editi
304 2841 594 2894 fimftmlzundm,
633 2844 767 2884 eadem
795 2846 836 2885 ni
867 2845 991 2896 fallor,
1020 2850 1184 2896 ratione,
1219 2862 1262 2889 ac
1290 2848 1379 2902 Joh.
1405 2862 1448 2889 11
1464 2878 1475 2898 ,
1508 2856 1571 2894 18.
1596 2847 1873 2901 fimftaihunim,
1902 2849 2145 2902 quindecim3
2189 2848 2253 2890 sed

153 2910 296 2950 magna
324 2895 403 2937 haec
428 2896 526 2938 inter
549 2897 631 2938 loca
660 2896 714 2939 est
737 2897 969 2941 differentia:
997 2902 1075 2942 illic
1100 2904 1207 2942 enim
1236 2903 1485 2944 observaveris
1509 2914 1720 2943 numerum
1747 2902 2002 2955 compofitu'm
2021 2904 2251 2968 cardinalem

2154 2970 2249 3010 pom
