2473 3380
161 214 255 249 no
470 155 473 161 ’
764 185 1690 243 ΑΝΝΟΤΑΤιοΝΕᾶ

288 310 407 358 hunc
435 307 690 356 terminaret
724 304 839 353 regie
866 301 1105 353 Benzelius
1134 302 1261 347 vertit
1288 299 1445 348 domus
1465 314 1680 365 precum:
1729 315 1806 347 nec
1839 298 1989 348 abnuit
2020 296 2271 364 HIckffius,
2305 301 2351 346 in

297 378 507 428 Gramm.
539 372 728 438 Maefhg.
764 390 808 431 p.
834 385 908 426 19.

158 444 306 503 ‚Thu-r.
344 449 483 491 Marc.
514 457 530 488 1
546 457 564 488 Ι
582 479 591 498 ,
629 455 685 500 23
740 454 822 498 pro
854 433 980 484 thuk·

288 515 401 559 Non
417 508 666 555 recordatur
685 506 750 549 vir
760 504 949 549 Gothice
970 497 1301 557 callentissimus,
1337 499 1460 560 quod
1478 501 1523 546 in
1543 500 1715 562 Syntaxi
1735 500 1923 548 Gothica
1948 518 2042 562 cap.
2069 517 2085 547 1
2099 508 2143 548 6.
2164 517 2255 561 reg,
2275 514 2349 561 ¹5·

292 578 384 639 ipse
416 575 613 628 tradidit,
647 575 869 634 vairpan,
914 570 1091 622 eiicere,
1134 567 1340 628 peculiari
1369 566 1589 628 gothismo
1625 566 1817 614 dativum
1851 565 1958 628 saepe
1996 565 2239 615 adsciscere.
2309 584 2352 614 v.

291 644 435 692 Marc.
460 657 509 700 3,
546 654 622 687 22.
659 633 917 701 uwaz'rpith
953 634 1099 682 thamz
1127 631 1413 692 ztnlmltlzom,
1444 635 1560 680 eiicit
1589 632 1816 679 daemonia.
1885 630 2019 680 Conf.
2055 637 2160 681 Luc.
2184 641 2236 689 6,
2270 649 2352 693 42.

286 710 366 757 ubi
397 709 652 770 usvairpan
679 720 743 749 ter
771 719 875 749 cum
904 720 957 749 eo
984 698 1080 748 casu
1110 702 1319 761 iungitur.
1392 705 1472 746 Par
1500 701 1611 745 ratio
1645 697 1702 744 cst
1729 699 1847 746 verbi
1876 697 2135 748 usdreiban.
2177 717 2219 747 v.
2245 705 2352 749 Luc.

292 791 348 835 9,
381 790 464 836 40.
532 771 754 817 Interdum
792 786 936 816 tamen
965 769 1083 814 idem
1114 766 1297 814 verbum
1319 764 1563 815 accusativo
1598 766 1813 827 iungitur,
1845 782 1893 815 ut
1918 769 2055 817 Marc,
2090 780 2140 824 3,
2181 779 2253 828 15.
2282 782 2353 815 m-

286 855 501 907 amam-pan
529 835 819 893 unlmltlzons,
857 838 1009 882 eiicere
1039 834 1266 881 daemonia.

157 925 437 992 lnvfflmalm.
471 926 610 970 Marc.
637 923 716 977 16,
759 937 797 967 1.
839 936 924 980 pro
955 915 1255 982 invsszndins:

292 992 364 1039 Est
396 1008 519 1037 error
543 985 826 1035 amanuensis.

156 1060 234 1112 Sa.
269 1060 412 1108 Marc.
435 1074 517 1113 12,
551 1069 611 1103 22
663 1051 834 1116 proso.
891 1064 895 1067 ’

297 1128 433 1176 Benz.
462 1122 590 1169 habet
610 1119 691 1183 si),
725 1123 781 1165 ita
803 1119 844 1165 ἃ
863 1119 998 1165 codex
1027 1136 1117 1181 arg.

165 1192 428 1256 Gudjands.
470 1192 612 1235 Marc.
650 1201 728 1245 15,
771 1200 807 1232 1.
845 1202 928 1248 pro
959 1184 1175 1250 gudjans.

294 1263 339 1307 Β.
358 1258 399 1304 ἃ
420 1258 468 1302 C.
495 1254 558 1302 A.
592 1253 752 1299 habent
775 1249 989 1317 gudjans.

165 1327 400 1395 Aggilum.
445 1325 552 1369 Luc.
578 1334 658 1376 15,
701 1331 773 1366 10.
807 1335 892 1380 pro
921 1317 1133 1383 aggilive.
1386 1361 1397 1371 ,

159 1433 164 1439 .
296 1394 345 1440 C.
367 1394 418 1440 A.
441 1387 569 1435 habet
596 1388 764 1452 aggele,
834 1387 900 1430 De
931 1383 1151 1431 vocabulis
1178 1383 1353 1429 exoticis
1382 1378 1501 1431 cons.
1521 1379 1740 1430 observata
1760 1381 1814 1428 ad
1836 1379 1888 1427 ad
1915 1381 2075 1428 calcem
2095 1378 2189 1431 diff.
2205 1382 2256 1429 de
2279 1399 2360 1430 no-

298 1456 492 1505 minibus
533 1451 818 1500 substantivis.

163 1523 574 1580 Frahuntatanais,
618 1523 804 1579 Luc.4,
845 1527 920 1573 18.
957 1533 1041 1579 pro
1072 1513 1460 1580 frahuntanains.

300 1594 351 1639 C.
375 1597 425 1638 A.
445 1587 573 1634 habet
589 1584 974 1650 sralnmtanaim‚
1008 1584 1053 1630 id
1083 1584 1205 1643 quod
1235 1584 1400 1642 linguae
1415 1581 1566 1642 genius
1589 1581 1791 1640 requirit.

165 1662 309 1728 Saga.
343 1676 370 1704 v
406 1672 488 1718 40.
525 1671 609 1715 pro
625 1656 806 1718 staigu.

303 1728 357 1772 C.
384 1728 433 1770 A.
459 1720 589 1766 habet
601 1719 783 1785 sangv.
816 1718 940 1764 Vidit
970 1715 1216 1783 Hickqfius‚
1248 1712 1401 1762 falsam
1432 1713 1513 1761 esse
1544 1713 1748 1759 codicum
1778 1709 2089 1775 impressorum
2117 1711 2363 1772 leffionem‚

298 1790 372 1837 sed
401 1787 523 1848 quod
550 1783 790 1847 substituit,
821 1801 911 1830 non
940 1781 1037 1830 satis
1065 1783 1314 1846 appositum
1346 1779 1420 1829 est.
1453 1799 1496 1829 v.
1531 1778 1673 1845 Ulplz.
1703 1778 1864 1846 illzfir.
1889 1779 1921 1827 l.
1947 1796 1981 1827 c.
2005 1779 2048 1825 &
2076 1796 2176 1840 pag.
2203 1795 2291 1843 13.¹

174 1874 481 1932 Galeitlzanti.
514 1876 621 1919 Luc.
646 1879 698 1930 8,
732 1883 810 1930 42.
842 1887 928 1930 pro
953 1866 1295 1934 galeitlzandan.

309 1938 674 1992 Stiernhz'elmius
700 1955 784 1999 pro
810 1936 1081 2001 galeitlzanti
1103 1935 1230 1981 habet
1257 1933 1458 1999 beguini,
1495 1932 1615 1992 quod
1637 1931 1741 1991 quid
1763 1929 1810 1977 fit
1830 1928 1932 1977 scire
1957 1947 2044 1976 non
2067 1927 2210 1987 refert,
2225 1948 2365 1990 quum

306 2010 403 2060 cod,
425 2006 615 2068 argentei
642 2006 786 2050 verior
804 2000 932 2048 lestio
956 2000 1030 2055 sit,
1065 1999 1179 2049 mitlz
1216 1999 1376 2059 thanet]
1395 1997 1507 2049 than
1531 1997 1658 2063 iddja
1688 2003 1751 2047 is:
1790 2013 1836 2043 ut
1864 1999 1993 2043 etiam
2020 1996 2179 2044 habere
2202 1999 2365 2047 Benze-

306 2078 443 2131 lium,
477 2088 683 2119 monetur
709 2073 753 2116 in
787 2069 1108 2134 Ulplz.1·llustr.

174 2145 405 2197 Seinamm
438 2144 548 2187 Luc.
578 2153 632 2198 7,
672 2152 748 2197 35·
781 2153 865 2198 pro
896 2132 1099 2189 lbinaim.

309 2211 378 2260 St.
402 2206 552 2269 paullo
571 2204 726 2250 melius
748 2201 1019 2263 lbinamma,
1055 2199 1127 2247 sed
1151 2201 1356 2248 omnium
1378 2200 1548 2262 optime
1566 2197 1666 2248 cod.
1688 2197 1876 2259 argentei
1886 2193 2098 2259 fiinaim.

174 2277 374 2344 Magud.
406 2277 508 2319 Luc,
545 2285 593 2329 5,
634 2284 705 2330 34.
741 2286 825 2329 pro
855 2284 1042 2334 magun.

307 2340 449 2390 Proba
479 2335 537 2383 est
557 2334 684 2382 leffio
705 2335 746 2381 ὅ(
765 2333 948 2381 fideliter
974 2335 1222 2396 exprimens
1252 2335 1334 2382 Gr.
1362 2338 1520 2384 δύναιθε.

177 2431 362 2482 Haimo.
397 2443 436 2471 v.
468 2438 545 2475 17.
583 2436 668 2480 pro
694 2414 847 2465 haima
873 2418 942 2464 vel
967 2415 1130 2464 haime.

309 2498 351 2540 O
381 2490 440 2538 est
478 2486 727 2536 terminatio
762 2484 940 2544 genitivi
977 2483 1098 2542 plur·
1129 2478 1470 2537 femininorum,
1504 2479 1569 2525 uti
1595 2494 1736 2540 nuper
1771 2492 2088 2527 memoratum:
2134 2478 2367 2527 eum'vero

312 2559 420 2622 saepe
441 2572 541 2604 cum
566 2551 635 2600 all
659 2554 790 2612 poni,
826 2545 938 2594 infra
965 2546 1115 2594 sumus
1143 2543 1370 2594 ostensuri.

180 2628 399 2696 Eistarna.
436 2627 544 2669 Luc.
575 2627 626 2674 8,
668 2632 742 2674 29.
779 2632 863 2677 pro
890 2610 1143 2678 eifizrnaim.

310 2695 427 2741 Scire
460 2691 600 2742 iuvat,
630 2679 1058 2746 aſsarna-bandjom
1088 2678 1168 2725 esse
1207 2693 1359 2725 vocem
1395 2678 1439 2724 in
1473 2680 1658 2726 eundem
1697 2679 1883 2725 modum
1927 2677 2239 2741 compoffium,
2276 2695 2368 2738 quo

312 2757 506 2806 Svethice
536 2752 722 2798 dicimus
737 2746 979 2813 jernband.
1050 2748 1147 2791 Vox
1175 2762 1279 2792 vero
1307 2746 1432 2804 prior
1460 2747 1518 2792 ita
1548 2743 1785 2792 coalescens
1813 2747 1856 2791 in
1879 2762 1906 2794 a
1928 2744 2036 2808 saepe
2065 2744 2235 2800 definit,
2265 2762 2303 2793 e.
2326 2762 2368 2806 g,

317 2824 512 2872 tukarna
530 2813 736 2885 -stashin
757 2851 766 2869 ‚
820 2816 1012 2881 galiuga
1034 2838 1059 2849 -·
1074 2809 1330 2876 praufeteis*
1349 2849 1360 2868 ‚
1405 2812 1549 2860 alewa
1571 2840 1595 2849 -
1613 2813 1770 2879 bagme
1793 2849 1806 2873 ,
1866 2828 2031 2860 manna
2048 2838 2070 2846 -
2091 2809 2369 2873 maurthrja,

324 2888 602 2950 aivarclage,
637 2880 818 2946 kaglc'zra
836 2911 845 2917 -
865 2881 970 2947 gild
979 2912 990 2933 ‚
1023 2879 1175 2945 garda
1193 2906 1207 2913 ·
1226 2875 1491 2941 waldands:
1531 2880 1635 2927 alias
1668 2881 1712 2926 in
1739 2895 1762 2928 o
1790 2880 1832 2928 δε
1854 2895 1899 2927 ιι.
1936 2895 1974 2926 e.
2003 2895 2042 2939 g.
2063 2875 2368 2940 fotunbaurek

312 2951 707 3018 failm-tlzraina,
725 2946 1098 3013 ffibbato-dags‚
1126 2944 1259 3009 banjo
1271 2941 1433 3007 -fulls.
2354 2939 2356 2941 ’

751 3056 754 3061 .
2220 3008 2371 3060 ΤΙιεὶη.
