2473 3380
405 113 753 168 ESBERGII
786 112 1148 165 ULPHILAS
1182 110 1593 166 GOTHORUM
1619 113 2020 168 EPISCOPUS.
2242 129 2309 179 47

101 228 196 276 sum
217 224 390 275 tandem
419 226 460 274 se
485 227 538 274 ab
558 224 752 293 Ulphila
781 226 833 273 ad
855 224 1015 273 Christi
1044 224 1176 274 fidem
1206 228 1422 285 converti,
1452 228 1502 290 Ι)
1527 244 1778 288 quanquam
1807 228 1881 274 alii
1902 244 1970 274 res
1989 224 2247 287 Fridegerni
2264 224 2309 274 &

100 296 352 342 Athanarici
374 291 643 342 confundant
656 332 666 350 ‚
701 293 804 340 huic
821 291 1126 349 adscribendo,
1162 311 1259 353 quae
1280 293 1393 341 illius
1412 296 1594 356 propria
1614 292 1724 340 sunt.
1792 298 1907 340 Inter
1926 310 2037 353 quos
2057 291 2242 339 Isidorus
2262 294 2309 340 in

98 362 254 409 chron.
274 360 415 409 Goth.
449 362 512 421 m)
549 360 590 407 &
611 358 764 407 austor
785 359 954 405 codicis
973 362 1027 404 M
1047 363 1085 405 S.
1108 361 1152 405 in
1179 360 1381 407 coenobio
1402 358 1707 416 Moiffiacensi,
1742 362 1820 420 qui
1842 374 1950 406 extat
1975 362 2088 405 inter
2115 357 2308 411 historiae

97 430 371 474 Francorum
388 424 617 488 scriptores
636 442 873 473 coa-,taneos
892 424 945 470 ab
968 425 1083 474 And.
1105 426 1164 472 du
1184 427 1354 473 Chesne
1374 427 1514 473 editos
1535 430 1570 473 F
1573 424 1738 474 rancof.
1762 429 1807 476 in
1826 424 1907 474 fol.
1941 427 2138 471 Primum
2158 440 2308 471 autem

96 507 226 553 atque
244 489 407 540 foedera
430 495 541 540 inter
558 491 597 539 se
617 491 879 547 sanciiss'ent,
912 494 1107 539 Hunnos
1125 493 1302 552 utrique
1322 491 1436 539 naffi
1456 490 1555 540 sunt
1571 491 1730 541 hostes,
1798 496 1836 539 A
1856 491 2018 552 quibus
2031 527 2043 548 ,
2074 488 2175 552 post
2193 494 2310 538 varia

95 560 351 616 certamina,
385 557 567 615 (levisti,
602 558 645 606 ὃ(
663 559 861 620 propriis
879 556 1052 603 sedibus
1080 557 1239 621 expulsi
1270 555 1380 608 sunt.
1416 559 1465 620 n)
1533 561 1629 607 Suis
1652 561 1788 621 igitur
1815 574 1916 606 cum
1945 558 2110 618 copiis,
2145 558 2191 602 in
2211 558 2309 619 ripa

94 624 290 673 Danubii
309 623 608 681 substiterunt,
641 642 784 685 neque
803 622 991 669 fluvium
1009 621 1211 684 superare
1232 622 1537 681 sustinuerunt,
1564 641 1795 686 antequam
1816 626 1986 672 veniam
2008 624 2186 670 ulterius
2205 640 2307 684 pro-

97 690 328 751 grediendi
352 692 406 738 ab
436 688 963 752 imperatorefpetiiffent.
1033 687 1168 736 Miffo
1199 691 1333 751 igitur
1350 688 1545 757 Ulphila
1568 692 1621 739 ad
1641 693 1888 749 Valentem,
1917 693 1961 752 o)
1990 687 2147 751 suscipi
2168 687 2207 735 se
2225 691 2311 736 hu-

94 756 191 802 mili
211 773 340 818 prece
358 752 615 818 poscebent,
648 757 689 803 &
706 758 850 817 quiete
871 753 1062 802 viRuros
1089 754 1130 802 se
1151 756 1431 817 pollicenteS,
1463 759 1505 805 ἃ
1535 759 1736 816 daturos,
1765 757 1795 804 fi
1818 775 1884 805 res
1909 754 2156 819 flagitasset,
2192 757 2308 803 auxi-

93 822 179 870 lias
195 821 255 888 p)
324 823 504 880 Valens,
536 818 656 871 nihil
667 821 831 886 futuri
845 821 1089 887 providens
1108 834 1261 871 terras
1278 827 1341 872 eis
1357 823 1520 873 tribuit
1546 823 1879 880 Thraciarum,
1913 824 2172 872 arbitratus
2182 838 2308 887 prce·

87 901 310 953 paratum
313 886 369 953 se
387 901 546 939 contra
563 905 709 938 omnes
727 888 950 938 barbaros
968 886 1130 937 habere
1132 885 1353 951 solatium
1365 907 1383 938 .·
1414 907 1464 939 ac
1480 904 1727 956 propterea
1748 893 1914 940 milites
1930 890 1984 939 de
2001 901 2144 938 cetero
2162 890 2311 955 negli-

86 952 249 1021 gebat,
283 953 342 1004 35²
360 971 429 1005 eos
449 954 716 1022 quidudum
734 967 893 1005 contra
913 951 1050 1022 hcsses
1067 954 1390 1006 laboraverant
1409 955 1658 1022 despiciens,
1684 961 1818 1005 etiam
1843 973 1873 1005 a
1892 955 2182 1005 collatoribus
2197 972 2309 1021 pro,-

91 1025 251 1072 vinciae
263 1037 350 1087 per
365 1026 511 1080 vicos,
546 1026 594 1074 65
611 1025 817 1072 civitates
829 1037 921 1088 pro
940 1037 1195 1087 unoquoque
1214 1024 1357 1071 milite
1375 1029 1593 1089 ottoginta
1595 1021 1772 1088 solidos
1789 1023 2018 1089 exigebat,
2043 1020 2308 1087 quidudum

91 1104 247 1138 eorum
280 1087 457 1137 tributa
474 1090 723 1139 relevarat.
757 1089 814 1154 q)
882 1088 1074 1154 Hacque
1089 1092 1197 1152 spe,
1229 1091 1289 1149 ait
1312 1090 1594 1138 Marcellinus
1608 1128 1618 1147 ,
1653 1089 1705 1153 r)
1740 1094 1984 1145 mittuntur
2011 1088 2196 1155 diversi,
2230 1089 2311 1154 qui

94 1169 204 1219 cum¹
220 1153 434 1204 vehiculis
457 1153 630 1222 plebem
657 1153 944 1219 transferant
971 1157 1286 1204 truculentam·
1356 1157 1424 1205 Et
1463 1157 1725 1206 navabatur
1749 1172 1887 1221 opera
1912 1156 2127 1222 diligens,
2162 1172 2214 1204 ne
2231 1158 2310 1219 qui

91 1221 344 1271 Romanam
364 1238 463 1270 rem
481 1221 720 1287 eversurus
736 1222 1144 1287 derelinqueretur,
1177 1224 1247 1270 vel
1263 1222 1489 1287 quaſj'atus
1507 1226 1659 1273 morbo
1678 1224 1815 1272 letali.
1882 1222 2082 1272 Proinde
2097 1219 2310 1287 permiffit

82 1291 386 1353 ‘imperatoris
405 1288 673 1352 transeundi
696 1287 960 1339 Danubium
980 1292 1152 1354 copiam
1173 1289 1424 1355 colendique
1443 1289 1593 1355 adepti
1619 1287 1830 1340 Thracia·
1841 1301 2027 1358 partes,
2061 1286 2310 1351 transfere&

92 1351 263 1403 bantur
284 1355 441 1404 indies
460 1359 508 1407 Εἴ
529 1363 690 1412 noctes,
721 1353 910 1405 navibus
931 1354 1186 1419 ratibusque
1209 1358 1256 1407 θ’
1280 1363 1455 1405 cavatis
1474 1357 1693 1405 arborum
1713 1358 1851 1406 alveis
1879 1359 2150 1423 agminatim
2168 1359 2310 1420 impo-

82 1420 158 1492 fiti
168 1437 186 1470 .·
219 1435 351 1487 atque
365 1437 452 1487 per
469 1438 639 1471 amnem
659 1423 790 1490 longe
807 1428 1003 1471 omnium
1022 1422 1335 1490 difficillimum
1353 1423 1649 1484 imbriumque
1665 1423 1904 1479 crebritate
1922 1436 2027 1473 tunc
2046 1429 2233 1479 auctum,
2256 1419 2310 1471 ob

83 1486 349 1553 ,densitatem
368 1492 557 1538 nimiam
576 1502 739 1539 contra
769 1493 875 1538 itlits
902 1506 1125 1554 aquarum
1154 1492 1339 1539 nitentes
1365 1490 1547 1556 quidam
1576 1489 1633 1538 θ’
1659 1502 1820 1539 natare
1845 1493 2016 1547 conati,
2049 1488 2191 1552 hausti
2194 1486 2310 1552 stmt

87 1552 265 1619 plures·
334 1555 412 1604 Ita
430 1552 612 1605 turbido
631 1559 1047 1626 instantiumsiudio
1065 1554 1189 1604 orbis
1207 1561 1399 1606 Romani
1411 1562 1629 1623 pernicies
1643 1557 1909 1619 ducebatur.
1974 1557 2106 1606 Illud
2103 1555 2222 1622 fitne
2237 1551 2310 1622 ne}-

25 1637 28 1638 ⁷
89 1633 174 1686 que
190 1618 422 1685 olfiurum
436 1624 510 1686 est,
529 1627 919 1686 neque-incertum,
938 1620 1153 1688 infaustos
1173 1619 1493 1673 transvehendi
1513 1623 1762 1673 barbaram
1777 1623 1947 1690 plebem
1968 1627 2208 1689 ministros,
2229 1638 2306 1670 nu-

92 1702 269 1736 merum
291 1692 385 1737 eius
401 1687 768 1753 comprehendere
786 1689 953 1738 calculo
959 1689 1085 1755 saepe
1099 1701 1318 1738 tentantes
1330 1723 1342 1745 ‚
1374 1689 1940 1758 conquieviffitjrustratos:
1974 1691 2119 1756 Quem
2137 1695 2214 1756 qui
2218 1687 2312 1752 sci-

93 1769 146 1803 re
163 1755 268 1802 velit
288 1755 359 1814 (ut
377 1758 728 1826 eminentiffimus
746 1768 963 1804 memorat
982 1757 1125 1816 vates)
1146 1755 1307 1823 Libyci
1326 1758 1431 1805 velit
1449 1762 1645 1822 crquoris
1674 1758 1788 1806 idem
1803 1756 1973 1821 ‘discere
2000 1773 2131 1823 quam
2151 1755 2309 1805 multat

91 1818 289 1888 zephyro
306 1822 751 1872 trudantur‘arena’.
775 1819 777 1822 ’
821 1823 889 1869 De
911 1820 1121 1868 immensa
1141 1823 1222 1869 hac
1239 1824 1496 1870 Gothorum
1518 1825 1562 1870 in
1582 1824 1775 1871 Thracia
1794 1840 1924 1885 atque
1944 1823 2096 1875 Moefia
2115 1822 2310 1883 multitu-

91 1887 195 1932 dine
213 1888 345 1933 etiam
363 1887 604 1950 Jornandes
624 1889 826 1950 loquitur
846 1887 901 1934 de
919 1887 1011 1936 reb.
1033 1889 1136 1936 Get.
1157 1906 1191 1936 c.
1218 1904 1241 1946 ς
1257 1904 1294 1938 t.
1361 1890 1520 1938 Erant
1531 1892 1756 1955 siquidem
1784 1892 1833 1941 Εἴ
1851 1894 1935 1938 alii
1954 1887 2118 1947 Gothi,
2150 1892 2227 1955 qui
2245 1887 2310 1936 di-

93 1964 261 2002 cuntur
278 1957 496 2012 minores,
525 1956 720 2017 populus
741 1956 998 2018 immetyus,
1032 1970 1129 2002 cum
1132 1953 1221 2018 suo
1239 1957 1467 2019 pontifice,
1501 1955 1676 2021 ipsoque
1690 1961 1896 2022 primate
1916 1957 2114 2022 Vulfila,
2147 1958 2225 2021 qui
2241 1971 2312 2003 eos

95 2018 266 2068 dicitur
300 2020 349 2068 θ’
377 2020 545 2068 litteris
572 2018 818 2085 iifiituiffl,
851 2017 1182 2085 hodiequefimt
1203 2024 1250 2069 in
1278 2022 1440 2087 Moefia
1467 2027 1644 2088 regione
1672 2024 1904 2071 incolentes
1924 2021 2309 2087 Eucopolitanam.

94 2088 218 2132 Nam
240 2101 329 2131 non
352 2086 396 2129 in
417 2084 661 2132 Thraciam
685 2084 849 2144 solum,
878 2085 947 2133 sed
969 2085 1169 2133 Moefiam
1193 2104 1371 2147 quoque
1389 2104 1586 2149 receptos
1615 2107 1639 2134 a
1660 2087 1836 2136 Valente
1856 2087 1937 2135 esse
1957 2090 2155 2143 Gothos,
2191 2088 2311 2134 idem

94 2151 337 2215 Jornandes
357 2148 529 2197 testatur
548 2169 697 2199 rerum
717 2154 818 2202 Get.
839 2171 877 2200 c.
900 2168 975 2214 25.
995 2154 1205 2201 Mariana
1215 2152 1312 2200 hist.
1333 2152 1464 2215 Hisp·
1484 2168 1529 2214 4.
1565 2169 1626 2210 ¹9.
1648 2156 1857 2202 Saavedra
1875 2172 2025 2206 coron.
2047 2154 2183 2202 Goth.
2202 2171 2246 2215 p.
2265 2168 2308 2213 ς.

95 2217 203 2280 Joh.
225 2220 417 2278 Magnus
439 2216 540 2266 hist.
560 2220 723 2268 Sueon.
742 2218 821 2268 lib.
843 2222 995 2270 XV..c.
1019 2232 1062 2267 Ι.
1131 2222 1229 2266 Imo
1254 2219 1338 2268 fine
1358 2221 1444 2268 ulla
1463 2217 1638 2267 foederis
1658 2219 1861 2282 pastione
1880 2238 1905 2269 a
1925 2222 2104 2267 Valente
2126 2218 2310 2284 suscepti

94 2281 208 2333 sunt.
278 2284 355 2334 Ne
375 2297 507 2331 arma
531 2288 732 2349 quidem,
765 2302 848 2352 quo
872 2288 1016 2334 tutius
1036 2282 1199 2336 Gothis
1221 2285 1484 2336 crederetur
1500 2287 1734 2337 tradidere
1755 2290 1984 2338 Romanis.
2018 2288 2069 2351 s)

227 2395 434 2441 Ceterum
458 2395 573 2440 male
591 2395 746 2441 deinde
769 2412 793 2442 a
812 2390 1029 2455 praefeffis
1057 2390 1353 2453 imperatoriis
1380 2394 1516 2453 habiti
1538 2395 1637 2444 sunt
1653 2398 1805 2458 Gothi.
1875 2401 1998 2446 Nam
2019 2413 2119 2445 cum
2139 2397 2308 2445 tradu-

77 2462 154 2508 tte·
170 2460 220 2508 in
238 2458 481 2510 Thraciam
500 2465 638 2509 vitius
657 2465 812 2528 inopia
831 2471 1129 2514 vexarentur,
1142 2472 1274 2525 turpe
1293 2467 1602 2516 commercium
1624 2459 1753 2513 duces
1771 2466 2006 2527 invgfiffimi
2023 2468 2281 2529 cogitarunt
2293 2480 2311 2512 .-

100 2523 160 2574 89*
184 2540 371 2593 quantos
388 2526 582 2593 undique
603 2528 924 2593 insatiabilitas
943 2528 1160 2599 colligere
1163 2530 1316 2593 potuit
1331 2542 1485 2593 tanes,
1510 2547 1600 2596 pro
1614 2531 1803 2598 singulis
1823 2528 2036 2581 dederunt
2055 2534 2310 2596 mancipiis,

1315 2620 1316 2623 =
2186 2601 2307 2646 inter

147 2738 183 2789 1)
205 2737 335 2792 Illustr.
360 2739 646 2795 Peringskioldius
660 2743 698 2780 in
714 2741 864 2794 catalogo
883 2756 957 2795 reg.
978 2740 1317 2791 Scytho—Gothornm
1329 2771 1338 2789 ,
1366 2745 1455 2781 notis
1470 2744 1507 2781 in
1524 2745 1634 2781 vitam
1658 2741 1784 2783 Theod.
1796 2739 1980 2793 fiebiunfflo
1990 2756 2032 2795 p.
2051 2742 2076 2780 6
2082 2755 2138 2789 3⁰·
2246 2743 2304 2793 m)

200 2793 292 2832 AEra
310 2805 353 2841 41
363 2804 399 2841 ς.
506 2795 548 2844 n)
575 2797 668 2834 Aocr.
689 2809 723 2840 4.
744 2801 800 2839 28⁴
840 2795 968 2834 S'ozom,
986 2796 1009 2833 6
1045 2795 1103 2842 36.
1133 2794 1345 2845 castium-«s
1363 2797 1401 2834 H
1443 2796 1543 2848 Trip.
1559 2800 1595 2839 8.
1616 2808 1674 2840 13.
1783 2798 1818 2845 ο)
1846 2798 1979 2836 δοκοτη.
2004 2794 2039 2835 6.
2064 2796 2123 2841 36.
2155 2794 2304 2848 Niceph.

203 2845 274 2886 XI.
297 2853 362 2893 48o
464 2848 515 2898 p>
542 2846 665 2887 Amm.
685 2846 851 2886 ,MaroelL
881 2846 899 2887 l.
930 2859 992 2894 31,
1017 2861 1045 2888 c.
1065 2860 1102 2896 4.
1211 2849 1252 2898 q')
1280 2844 1419 2898 naffiod.
1437 2852 1472 2892 8.
1498 2860 1557 2894 13.
1586 2848 1676 2899 Hist.
1702 2846 1824 2900 mistell
1855 2861 1896 2887 12
1938 2859 1994 2885 12.
2018 2845 2063 2886 Εἴ
2084 2860 2142 2896 ¹4·
2169 2849 2302 2891 socrat.

145 2906 150 2908 ·
198 2910 225 2946 4
261 2903 319 2942 28.
345 2897 420 2936 Soz
443 2899 483 2941 6,
507 2900 567 2947 36.
598 2899 752 2954 Niceph,
772 2899 841 2943 Xt.
866 2904 926 2950 48,
1034 2901 1073 2952 q)
1099 2898 1168 2940 Ioco
1184 2901 1302 2942 citato.
1408 2901 1448 2951 r)
1475 2899 1609 2942 Paulus
1624 2899 1728 2960 Orqfi
1752 2900 1775 2943 l.
1796 2913 1830 2953 7.
1854 2913 1932 2953 cap.
1950 2911 2008 2951 40.
2025 2898 2108 2942 edit.
2123 2900 2303 2955 Augusta-

197 2963 252 2992 πα
270 2964 328 2993 an.
353 2963 465 3002 ¹471·
