2473 3380
514 94 549 126 ³·
603 73 712 160 DE
746 101 1029 159 LINGUA
1060 101 1336 158 comcls
1368 99 1756 155 ARGENTEL
2181 108 2278 168 267

61 221 144 271 ess'e
172 221 468 271 consortiones
488 218 531 267 ἃ
550 234 702 267 mutua
724 220 1004 268 commercia.
1073 217 1266 266 Tribuat
1282 219 1332 266 Β.
1354 217 1404 265 L.
1424 214 1531 262 huic
1559 226 1819 276 argumento
1848 226 2062 274 quantum
2082 214 2282 264 libuerit:

63 306 144 350 ego
163 289 236 336 etsi
258 289 398 336 eidem
419 285 500 334 soli
520 284 651 333 fidere
669 286 858 344 nollem,
893 287 1033 333 nihilo
1051 286 1198 333 minus
1216 284 1370 331 videor
1390 282 1527 340 mihi,
1560 283 1658 343 pari
1680 284 1772 327 iure
1793 280 1880 327 hoc
1902 283 2196 344 geographico
2218 301 2283 330 ar·

61 372 275 416 gumento
292 356 354 401 uti
374 352 516 415 posse,
550 370 598 400 ac
619 351 717 414 post
735 354 906 413 aliquot
925 351 1062 399 secula
1086 350 1322 412 deperditis
1343 350 1586 396 litterarum
1616 348 1940 403 monumentis,
1975 348 2041 393 vel
2063 348 2283 397 obscurio-

60 437 111 467 re
138 422 304 468 reddita
331 422 650 481 migrationum
678 418 880 479 historia,
916 418 995 465 ubi
1027 416 1204 478 quaestio
1232 419 1420 469 orietur,
1454 430 1605 462 utrum
1637 431 1686 459 ex
1708 415 1910 460 America
1938 414 1984 459 in
2002 416 2281 473 Britan-niam,

61 503 113 532 an
135 504 238 533 vero
259 488 361 533 hinc
386 504 437 532 eo
463 484 606 532 sermo
626 486 891 547 Anglicanus
911 483 1133 531 traductus
1154 481 1310 539 fuerit,
1343 498 1483 541 quum
1502 479 1740 540 utrobique
1770 481 1814 525 in
1835 477 1913 526 usu
1931 477 2002 529 sit:
2038 482 2280 542 Europaeus

60 569 83 598 e
103 554 321 600 Britannia
342 555 534 614 primam
554 555 646 598 eius
678 553 895 612 originem
924 567 972 596 ex
999 567 1046 597 ea
1075 551 1243 596 ratione
1272 548 1523 603 deduceret,
1560 547 1682 607 quod
1710 544 1886 592 scateret
1912 545 2095 594 vocibus
2124 546 2280 604 latinis,

59 618 263 675 Gallicis,
299 620 524 674 Gothicis,
561 620 760 675 Danicis,
806 618 1085 676 Batavisque,
1132 615 1391 673 doceretque
1421 611 1606 658 insulam
1639 612 1748 658 hanc
1779 613 1855 658 diu
1882 615 2126 659 Romanam
2154 610 2281 660 fuisse

55 686 330 744 provinciam
345 718 357 739 ‚
393 685 436 731 ὃ(
455 685 507 731 de
524 700 676 732 caetero
698 682 906 732 omnibus
929 682 998 730 his
1030 684 1175 746 regnis
1198 682 1387 729 vicinam
1405 678 1447 727 ὅ(
1474 676 1815 741 frequentatam,
1850 678 1959 726 dum
1983 677 2037 727 ab
2059 682 2285 740 America-

13 763 15 770 ’
58 751 125 797 nis
148 766 425 807 totoroccano
455 749 595 800 distet.

1068 908 1107 966 §0
1174 906 1294 955 XVI.

190 1017 273 1065 Sed
294 1035 347 1065 ne
375 1018 538 1067 diutius
561 1018 818 1081 quempiam
846 1013 1097 1079 suspensum
1118 1032 1310 1072 teneam,
1343 1030 1439 1062 rem
1459 1012 1570 1062 hanc
1586 1027 1815 1076 totamque
1835 1013 2166 1062 controversiam
2191 1016 2276 1062 evi·
2297 1068 2302 1070 ἡ

59 1081 296 1148 dentiffime
318 1086 535 1133 dirimunt
554 1085 710 1133 tab'ulae
730 1086 812 1131 illae
833 1084 1108 1140 venditionis,
1137 1086 1181 1130 in
1201 1084 1320 1130 Italia
1339 1081 1649 1129 haudrdudum
1664 1097 1864 1143 repertae,
1901 1099 2094 1142 quasque
2113 1100 2163 1129 ex
2182 1083 2278 1131 Do·

60 1152 126 1196 nii
154 1147 514 1212 inscriptionibus
543 1152 594 1199 ab
617 1154 813 1202 Antonio
842 1148 1081 1214 Fi‘ancifio
1104 1149 1250 1199 Gorio
1271 1149 1505 1195 Florentiae
1544 1162 1630 1209 173
1649 1163 1682 1196 t.
1714 1148 1840 1194 editis
1870 1147 1995 1194 affert
2021 1148 2144 1196 Edv.
2166 1151 2275 1210 Lye,

58 1216 106 1260 in
123 1214 288 1276 praefat.
308 1219 362 1265 ad
383 1219 616 1281 Ulphilam
647 1236 749 1281 pag.
773 1232 849 1281 35.
918 1221 1028 1281 Qae
1060 1233 1197 1276 quum
1227 1214 1466 1263 secundum
1484 1214 1682 1275 Ulphilae
1709 1213 1945 1260 versionem
1975 1216 2163 1261 unicum.
2182 1214 2276 1272 fint,

59 1282 182 1341 quod
199 1283 342 1330 adhuc
362 1287 651 1347 cognovimus
671 1289 719 1332 L.
741 1282 1070 1345 Mcesogothicae
1088 1290 1253 1339 λείψανον
1266 1322 1275 1340 ,
1301 1278 1440 1328 facere
1459 1297 1546 1327 non
1565 1282 1708 1342 potui,
1740 1282 1849 1341 quin
1867 1280 1976 1327 illud
1994 1283 2066 1327 aeri
2088 1279 2277 1329 incisum

21 1390 30 1394 .,
57 1347 155 1394 heic
174 1352 215 1395 Β.
240 1353 293 1396 L.
310 1352 549 1398 videndum
576 1350 760 1399 offeram
776 1389 786 1409 ‚
821 1367 959 1411 quum
979 1350 1115 1396 editio
1134 1347 1209 1394 illa
1230 1347 1484 1394 Benzeliana
1503 1348 1548 1393 in
1566 1363 1810 1408 paucorum
1831 1347 1974 1394 adhuc
1993 1346 2193 1394 manibus
2212 1347 2277 1398 fit.

59 1415 272 1462 mutilum
292 1434 396 1464 vero
415 1418 549 1466 hocce
575 1434 864 1465 monumenta
881 1419 939 1464 ita
958 1415 1233 1477 interpretari
1253 1429 1437 1462 conatur
1455 1414 1592 1461 modo
1611 1413 1807 1460 laudatus
1826 1413 1944 1464 Edv.
1967 1415 2076 1481 Lye.
2144 1415 2273 1461 EGO

60 1481 412 1531 GUDILUBUS
445 1486 760 1532 DIACONUS
788 1487 932 1531 HAEC
962 1483 1245 1539 VENDIDI,
1287 1483 1598 1527 LIBELLUM
1625 1483 1809 1527 FECIT
1835 1479 1958 1528 FRA
1991 1510 2006 1517 -
2041 1508 2056 1516 -
2092 1510 2108 1517 -
2143 1483 2275 1527 TVE

57 1547 375 1598 DIACONUS
409 1580 425 1587 -
453 1579 466 1588 -
507 1580 522 1588 —
564 1579 570 1587 ·
607 1580 623 1589 -
657 1553 964 1615 QJATUOR
983 1551 1207 1596 UNCIAS
1225 1548 1461 1596 N.HUG.
1493 1574 1507 1582 -
1543 1575 1557 1583 —
1594 1577 1610 1584 -
1644 1546 2040 1594 KARBALARIAE
2058 1549 2142 1592 ET
2163 1549 2276 1593 ΚΠ,-

57 1614 117 1658 Ll
150 1641 166 1649 -
197 1643 214 1651 -
247 1643 261 1651 -
297 1643 312 1652 ·
355 1620 560 1664 ANEUS
601 1645 617 1654 ·
652 1646 669 1655 ·
702 1645 717 1654 ·
754 1646 770 1654 -
814 1616 1258 1664 RENUNTIAVIT
1281 1616 1368 1659 ET
1397 1615 1784 1662 SUBSCRIPSIT·
1851 1613 1983 1659 Nihil
2014 1613 2152 1670 videt,
2197 1615 2278 1673 qui

59 1678 156 1725 heic
175 1682 356 1729 eandem
378 1684 562 1730 omnino
580 1685 774 1745 linguam
795 1701 883 1730 non
903 1680 1117 1743 agnoscit,
1151 1697 1283 1740 quam
1304 1677 1479 1741 prat-fert
1500 1679 1632 1726 codex
1652 1693 1899 1740 argenteus:
1929 1681 1974 1725 Si
1994 1681 2094 1739 quis
2114 1681 2277 1727 interea

59 1745 247 1804 dubitet,
277 1747 476 1809 glossaria
505 1751 549 1795 in
573 1750 800 1797 confilium
820 1749 1025 1797 adhibere
1044 1750 1207 1809 poterit
1228 1748 1338 1793 circa
1361 1762 1486 1792 voces
1505 1743 1550 1794 ik
1568 1762 1672 1806 ego,
1695 1743 1959 1807 frabauhta
1978 1745 2167 1803 vendidi,
2193 1760 2277 1812 ga·

58 1811 257 1860 vaurhta
273 1812 400 1872 fecit,
419 1817 581 1882 fidvor
602 1832 813 1877 quatuor,
847 1812 1070 1878 ufmelia'a
1095 1810 1359 1874 subscripsit,
1395 1812 1448 1858 ab
1468 1809 1533 1874 uf
1554 1808 1632 1858 sub
1660 1811 1703 1858 &
1728 1813 1889 1876 meljan
1915 1809 2114 1861 scribere.
2184 1817 2274 1859 Au·

58 1895 184 1924 reum
204 1877 299 1926 sane
318 1881 403 1928 hoc
424 1881 504 1939 est,
535 1882 578 1929 ὅ(
595 1900 702 1931 auro
725 1881 954 1944 pretiosius
974 1894 1336 1933 monumentum,
1373 1891 1530 1940 utpote
1549 1896 1597 1924 ex
1618 1895 1707 1938 quo
1728 1878 1846 1925 haud
1868 1895 2004 1941 pauca
2033 1879 2274 1939 porismata

59 1942 167 1991 scitu
189 1947 314 1994 utilia
333 1948 490 1995 deduci
513 1948 713 2010 poll'unt:
750 1964 799 1995 ut
819 1965 965 1995 autem
985 1949 1133 1994 caetera
1151 1943 1275 1991 miffa
1292 1942 1472 2000 faciam,
1509 1945 1553 1991 id
1574 1959 1742 1991 tantum
1763 1943 1970 2003 observo,
2005 1944 2126 1990 brevi
2143 1944 2274 1991 hacce

59 2008 260 2062 schedula
277 2014 421 2070 illam,
458 2032 554 2074 quae
580 2017 668 2061 iarn
689 2013 767 2062 sub
787 2015 943 2060 incude
962 2012 1046 2069 cst,
1081 2010 1362 2072 quaestionem
1391 2013 1565 2072 penitus
1591 2026 1706 2056 extra
1731 2011 2013 2058 dubitationis
2033 2010 2168 2056 aleam
2188 2026 2274 2071 po-

44 2077 119 2124 ·ni.
188 2079 356 2126 Scilicet
384 2079 654 2127 notiffimum
687 2079 745 2126 est
773 2078 1100 2135 testimonium,
1133 2076 1390 2138 perhibente
1421 2074 1662 2142 Jornande
1682 2077 1852 2134 Alana,
1885 2077 2089 2137 aliisque,
2123 2076 2272 2124 Ostro-

58 2143 244 2204 gothus,
279 2146 415 2205 qui&
435 2147 538 2193 alias
559 2148 700 2193 Gothi
725 2149 918 2193 minores
940 2144 1294 2207 appellabantur,
1327 2143 1373 2187 in
1394 2142 1543 2190 Moesia
1574 2140 1669 2189 suas
1698 2142 1893 2190 habuill'e
1924 2142 2062 2200 sedeS,
2095 2159 2172 2190 nee
2192 2144 2273 2190 mi·

60 2226 141 2256 nus
171 2227 352 2267 notum,
387 2214 564 2260 eosdem
585 2213 668 2259 hos
692 2212 1010 2274 Ostrogothus,
1044 2211 1286 2272 permixtos
1311 2205 1428 2255 forte
1454 2209 1650 2255 eiusdem
1679 2212 1873 2256 nominis
1892 2210 2183 2256 Scandinaviae
2211 2211 2273 2255 in-

58 2276 186 2334 colis,
216 2278 262 2324 in
278 2279 447 2326 Italiam
465 2277 715 2335 ascendiffe,
752 2295 933 2337 eamque
953 2278 1179 2338 regionem
1196 2274 1317 2321 haud
1339 2275 1459 2321 brevi
1477 2276 1668 2336 imperio
1690 2275 1883 2324 tenuiffe.
1952 2279 2106 2338 Qum
2126 2276 2274 2335 itaque

59 2342 306 2402 videamus,
341 2346 388 2391 in
413 2347 535 2393 Italia
554 2346 742 2392 cundem
764 2345 1011 2392 Gothicum
1031 2341 1291 2398 sermonem,
1312 2342 1484 2387 easdem
1506 2342 1665 2388 litteras
1695 2340 1921 2404 usurpatas
1948 2339 2094 2398 fuiffe,
2128 2340 2273 2390 nescio

56 2405 178 2467 sane,
209 2428 262 2457 an
291 2413 525 2472 quisquam
556 2412 754 2459 dubitare
780 2409 933 2473 poffit,
968 2426 1058 2470 quo
1092 2411 1237 2455 minus
1265 2406 1574 2469 Ostrogothica
1603 2408 1700 2454 heic
1728 2406 1825 2454 sunt
1850 2410 2025 2465 omnia,
2070 2408 2113 2455 ὃ(
2138 2407 2275 2455 codex

59 2475 169 2522 adeo
188 2474 412 2539 argenteus
434 2481 481 2525 in
512 2481 605 2525 eius
627 2479 789 2541 populi
815 2476 946 2523 usum
973 2473 1234 2536 descriptuS,
1269 2477 1348 2533 qui
1375 2475 1420 2520 in
1440 2475 1559 2520 Italia
1590 2491 1689 2520 cum
1717 2476 1910 2536 imperio
1938 2472 2043 2521 fuit:
2078 2491 2179 2521 nam
2208 2476 2276 2521 uti

60 2557 152 2588 uno
172 2560 247 2589 ore
267 2546 412 2591 omnis
434 2546 630 2606 loquitur
651 2561 771 2592 vetus
791 2542 974 2591 historia
992 2539 1282 2597 ecclesiastica,
1318 2541 1499 2586 eosdem
1519 2541 1692 2587 Gothos
1706 2578 1716 2596 ,
1752 2542 1826 2601 qui
1848 2543 1935 2588 iam
1955 2541 2083 2588 Italiae
2102 2541 2276 2588 domini

59 2623 202 2663 erant,
235 2607 495 2671 scripturam
514 2615 554 2658 S.
577 2625 622 2662 ἐις
643 2617 703 2661 τᾶν
722 2619 847 2658 ἐικεῖαν
868 2616 972 2669 <parab
1002 2607 1249 2655 translatam
1271 2605 1487 2663 habuisse,
1520 2609 1611 2653 veri
1633 2625 1720 2654 non
1740 2607 1910 2654 videtur
1927 2605 2090 2662 fimile,
2123 2622 2198 2653 aut
2214 2609 2278 2654 in-

62 2671 219 2721 teriiffe
239 2675 358 2723 hunc
376 2676 483 2723 adeo
510 2675 738 2724 salutarem
770 2675 991 2732 laborem,
1026 2689 1101 2722 aut
1127 2672 1225 2735 post
1248 2673 1500 2721 Homerum
1526 2674 1665 2719 alium
1693 2673 1893 2729 extitisse,
1923 2675 2000 2733 qui
2017 2672 2151 2719 Iliada
2177 2690 2278 2721 con·

62 2737 248 2793 scribere
276 2742 479 2794 voluerit,
548 2746 648 2806 Jam
674 2757 779 2787 vero
809 2757 951 2800 quum
978 2758 1059 2803 per
1084 2741 1162 2786 has
1188 2739 1353 2786 tabulas
1381 2739 1644 2786 venditionis
1678 2737 2041 2787 evidentiffimum
2066 2737 2140 2798 fit,
2187 2740 2276 2789 alio

62 2805 357 2870 ostrogothos
376 2806 578 2856 sermone
597 2805 696 2854 usos
715 2824 805 2853 non
823 2803 972 2864 fuiss'e‚
1006 2823 1140 2867 quam
1160 2807 1237 2866 qui
1261 2808 1305 2852 in
1333 2806 1434 2852 cod.
1460 2822 1551 2867 arg.
1579 2820 1711 2862 extat,
1746 2820 1835 2852 tam
1863 2806 1915 2852 de
1937 2806 2105 2867 lingua,
2141 2824 2277 2868 quam

63 2875 194 2932 etiam
212 2876 266 2935 de
285 2874 565 2940 paraphraste
585 2870 971 2924 luculentiffimum
990 2872 1289 2986 testimonipm
1307 2872 1428 2923 dicit.
1494 2872 1637 2922 Video
1658 2872 1840 2934 quidem
1857 2873 1954 2922 heic
1976 2873 2127 2936 obiici,
2145 2876 2280 2923 etiam

206 2942 208 2945 ’
1155 2942 1192 2986 L
1267 2954 1296 2989 2
2095 2968 2098 2972 ·
2139 2942 2278 2991 Fran·
