2473 3380
169 118 230 171 68
881 111 1669 169 EVANGEL'IUM

164 243 247 288 51.
268 225 594 275 usfulnodedun
615 225 748 288 dagos
770 227 1078 276 andannntais
1100 227 1158 292 g)
1178 229 1227 278 is,
1310 241 1387 288 51.
1423 229 1714 288 Implerentur
1743 227 1832 276 dies
1860 227 2133 277 assumtionis
2153 230 2265 280 eius}

173 309 246 356 54,
274 292 646 359 gasaiqlzandans
673 294 724 356 h)
752 294 853 342 than
880 293 1069 355 siponjos
1099 296 1134 339 is
1154 299 1225 342 ia·
1309 308 1383 355 54.
1420 294 1626 340 Videntes
1656 310 1802 343 autem
1833 295 2034 360 discipuli
2063 299 2153 344 eius
2177 296 2363 362 Jacobus

235 357 373 409 kubos
396 361 469 423 jah
496 360 722 409 iohannes.
1370 359 1411 405 ἃ
1447 360 1685 421 Johannes.

175 440 251 487 55.
286 430 380 477 niu.
407 430 510 490 Jun.
545 433 640 474 uin·
670 424 719 487 i)
1306 437 1385 484 550
1422 429 1602 474 Nonne.

172 506 247 555 57.
280 491 568 559 tlnsqlzadulz.
596 493 642 552 k)
683 490 730 555 J.
759 489 801 536 <Sc
830 489 899 542 St.
926 491 1226 552 thusqhaduh,
1308 505 1385 552 57.
1424 496 1716 554 Quocunque.

170 563 249 608 61.
284 560 481 606 uslaubei
510 560 592 602 mis
621 556 901 621 andqzcitlzan
921 556 1061 606 thazm
1086 557 1226 608 tlmiei
1304 564 1382 605 61.
1418 560 1622 604 Permitte
1651 560 1763 606 mihi
1792 560 1956 622 alloqui
1974 577 2074 620 eos,
2109 562 2187 621 qui
2207 558 2367 608 suntin

217 626 328 691 sind
348 628 393 685 l)
436 626 481 668 in
514 623 645 683 garda
675 626 954 676 meinamma.
1102 641 1115 646 “
1370 625 1509 671 domo
1539 642 1652 672 mea.

202 707 248 741 2.
285 693 488 737 nimanna
518 689 762 751 uslagjands
796 690 947 737 handu
988 688 1102 738 seina
1134 707 1224 740 αηα
1303 695 1380 740 62.
1416 694 1568 737 Nemo
1599 694 1829 752 imponens
1861 710 2040 742 manum
2062 691 2184 741 suam
2203 709 2366 753 aratro,

232 755 381 806 lzolmn
409 756 472 818 m)
512 755 593 816 jah
619 752 877 821 saiqlmnds
919 755 1052 820 astra
1081 760 1225 824 gatils
1370 758 1573 804 &videns
1591 774 1723 816 retro,
1737 775 2020 820 opportunus
2037 759 2096 808 cst
2115 762 2367 824 ad,regnum

229 826 282 893 ist
303 821 356 888 n)
384 826 429 871 in
457 819 648 870 tlzz'udan
673 823 852 888 gardia
870 822 1022 888 gotlzs.
1042 826 1085 884 ο)
1368 825 1468 874 Dei.

597 890 704 950 Cap.
737 893 797 934 X·
1736 894 1847 952 Cap.
1868 893 1930 936 X:

162 970 207 1004 Ι.
242 952 335 1002 afar
352 954 538 1001 uththan
557 954 673 1001 thata
693 953 953 1005 ustaiknida
971 959 1023 1022 p)
1053 953 1127 1003 fan
1150 956 1221 1016 jah
1305 974 1347 1007 ι.
1384 954 1482 1003 Post
1513 957 1603 1003 haec
1632 971 1777 1003 autem
1809 956 2039 1019 defigna'vit
2059 960 2280 1005 Dominus
2307 973 2370 1006 et-

230 1020 485 1071 antlzarans
496 1018 799 1086 sibuntehund
825 1024 871 1086 q)
900 1024 972 1084 jah
1002 1021 1220 1070 insandida
1367 1026 1453 1070 iam
1474 1023 1581 1070 alios
1603 1021 1894 1084 septuaginta,
1929 1024 1969 1070 ὃ(
1991 1023 2103 1071 mifit
2127 1042 2223 1082 eos,
2257 1025 2368 1072 duos

227 1092 301 1138 ins
327 1100 476 1135 mans
502 1084 711 1152 qlzanznlt
728 1088 882 1151 faura
911 1087 1222 1153 andwaz'rtltja
1370 1107 1597 1150 quosque,
1633 1104 1728 1135 ante
1746 1087 2029 1151 conspectum
2051 1088 2179 1138 suum
2200 1093 2247 1136 in
2267 1107 2368 1140 om·

2276 1155 2368 1219 stez·-

207 1265 255 1317 g)
278 1265 314 1316 J.
343 1264 378 1302 <Sc
402 1264 453 1302 St.
474 1261 758 1313 andanumfiais;
794 1260 846 1300 est
874 1273 1003 1301 autem
1032 1261 1193 1301 verbum
1223 1260 1434 1306 andniman,
1461 1260 1589 1300 Sueth.
1619 1275 1790 1309 cinnama,
1819 1264 1854 1301 8<
1873 1274 2070 1315 propterea
2095 1263 2230 1303 reatus
2257 1264 2364 1302 anda-

264 1327 400 1362 numts,
417 1314 693 1376 ο(ινιιίανιηιηιζτιὶς,
723 1315 852 1354 Sueth.
870 1313 1077 1367 annameffe,
1108 1314 1297 1361 assumtio,
1325 1314 1372 1353 ab
1390 1313 1462 1351 and
1477 1312 1522 1353 Εἴ
1545 1319 1675 1362 niman,
1705 1315 1811 1366 quod
1829 1315 1913 1355 vide
1932 1316 2074 1360 Matth.
2097 1328 2158 1363 27,
2180 1328 2213 1367 9.
2242 1327 2323 1356 not.
2332 1329 2366 1367 y

188 1392 192 1394 l
209 1420 253 1472 Ιι)
266 1368 802 1510 “sg'gpgafficli'qlgtltcclltlQuieti-cJelnpsh:0
820 1420 918 1458 male
937 1419 1092 1471 quadrat
1111 1420 1152 1458 in
1168 1417 1524 1470 stquentesfiponjos
1539 1420 1567 1457 is
1583 1417 1721 1458 iakubos
1725 1419 1798 1472 jah
1814 1417 2000 1468 Johannes
2016 1434 2085 1473 pro
2091 1418 2257 1471 jakubos.
2275 1422 2311 1473 J.
2329 1421 2367 1460 δε

266 1475 307 1513 St
337 1479 370 1510 ia
395 1472 488 1518 οἰνος,
512 1472 668 1523 perinde
688 1473 788 1512 est.v.
807 1475 928 1512 Marc.
952 1485 985 1520 3,
1014 1484 1073 1518 17.
1101 1479 1157 1514 18.

207 1527 241 1577 i)
269 1525 530 1566 Similitudine
548 1526 741 1564 literarum
767 1524 887 1577 lapsus
908 1525 958 1565 est
975 1524 1184 1577 typotheta.

210 1580 253 1630 le)
281 1581 319 1618 B.
340 1579 448 1671 ιξᾶξῒε.
477 1580 735 1670 (Σόοηηωῃίἓιϊ
750 1592 824 1618 vox
840 1592 861 1617 a
877 1578 944 1617 tlzis
960 1580 993 1618 ὃ(
1015 1576 1179 1630 qhadulz,
1210 1576 1334 1617 ablato
1352 1591 1375 1617 u
1394 1577 1622 1630 euphonico,
1650 1575 1744 1629 qlzad
1763 1577 1822 1617 vel
1839 1575 1966 1629 qlzatlt,
1996 1575 2080 1619 π’ὅυ.
2107 1592 2142 1619 v.
2156 1575 2305 1620 ‘Mattl'h
2327 1585 2362 1628 8,

265 1643 324 1683 19·
401 1644 475 1673 arc,
529 1658 543 1677 ,
573 1643 671 1673 ιο.ς
706 1662 716 1671 .

207 1683 241 1735 l)
266 1685 424 1723 Variam
442 1684 622 1724 exhibent
642 1685 732 1724 editi
749 1684 968 1733 lectionem,
1005 1696 1169 1736 quarum
1188 1694 1323 1723 neutra
1341 1685 1517 1724 munitur
1535 1683 1717 1735 suffragio
1743 1682 1896 1722 Codicis
1914 1680 2027 1725 Mset,
2048 1685 2115 1735 qui
2131 1682 2297 1724 nostram
2316 1685 2364 1725 ab

265 1739 373 1776 omni
392 1748 493 1789 parte
511 1747 652 1780 tuetur.
692 1752 714 1776 v
744 1736 842 1789 supr.
867 1751 898 1777 c.
920 1746 937 1780 8
952 1766 962 1785 ,
991 1750 1050 1787 19.
1071 1750 1132 1779 21.

209 1791 261 1843 m)
288 1790 420 1837 lzolmn,
447 1801 632 1838 aratrum,
661 1791 769 1840 cujus
788 1794 924 1830 natales
945 1793 978 1829 ὅ(
1000 1790 1184 1830 familiam
1210 1791 1390 1842 ignorant
1416 1787 1624 1841 philologi:
1656 1787 1768 1828 nobis
1795 1788 1948 1827 interim
1974 1787 2078 1828 haud
2103 1790 2234 1841 procul
2254 1791 2359 1830 ablu-

265 1843 350 1882 dere
377 1842 499 1882 visum
527 1842 578 1882 est
605 1846 784 1883 German.
811 1843 916 1888 Its-che,
951 1844 1090 1883 modus
1115 1845 1173 1883 vel
1199 1842 1373 1882 mensura
1399 1843 1500 1893 agri,
1537 1843 1641 1881 unde
1666 1840 1912 1892 12:37‘bnlandes,
1951 1842 2054 1892 apud
2084 1841 2293 1881 Leilmizimn
2317 1845 2359 1884 in

260 1895 417 1947 Epistol,
437 1897 483 1935 ad
507 1896 727 1948 Ludolphnm
746 1895 898 1937 Miscell.
911 1899 949 1938 P.
968 1910 994 1934 1.
1024 1911 1099 1949 pag
1136 1909 1221 1943 305.
1243 1907 1432 1948 quantum
1459 1896 1534 1947 agri
1551 1895 1699 1935 homini
1718 1892 1855 1932 rustico
1878 1907 1946 1945 pro
1962 1891 2105 1933 familia
2121 1895 2253 1934 alenda
2271 1909 2360 1936 con-

258 1950 380 1995 venit,
418 1950 475 1987 vel
501 1951 646 1999 potius,
676 1950 878 2001 interprete
910 1948 1097 1988 &fadaer-0
1125 1950 1166 1988 in
1195 1948 1352 1988 Gloffar.
1383 1949 1557 1987 German(
1587 1963 1622 2000 p.
1645 1955 1732 1993 758.
1763 1956 1953 1997 quantum
1978 1960 2057 1986 uno
2076 1957 2194 1987 aratro
2214 1963 2359 2001 peran-

261 2014 361 2040 num
378 2002 450 2042 coli
468 2001 605 2054 potest:
647 2002 958 2041 denominatione
977 2003 1163 2041 nimirum
1180 2002 1293 2050 facta,
1321 2002 1399 2063 pari
1423 2002 1566 2040 ratione
1587 2014 1628 2040 ac
1656 1998 1738 2039 Lat.
1759 1999 1867 2038 Barb.
1888 2011 2014 2037 arram
2030 2012 2135 2038 terrae
2153 2001 2199 2040 ab
2218 2014 2357 2050 aratra,

252 2054 427 2106 jugemm
443 2068 464 2093 a
471 2055 586 2105 jugo,
615 2054 808 2092 hakenland
824 2055 871 2093 ab
889 2053 1027 2093 Island.
1049 2054 1152 2098 lzake,
1176 2057 1291 2094 Graec.
1309 2049 1397 2100 ακτῖ,
1425 2066 1566 2101 uncus,
1596 2052 1734 2105 cuspis,
1763 2054 1937 2104 Hungar.
1967 2051 2042 2100 elce,
2072 2063 2237 2092 aratrum
2255 2056 2358 2107 apud

267 2105 458 2144 Oertelinm
472 2108 513 2145 in
531 2108 718 2148 Harmon,
736 2108 976 2159 Linguarum
994 2121 1029 2159 p.
1046 2119 1101 2153 37.
1122 2108 1164 2145 in
1181 2107 1314 2146 Gloffis
1331 2107 1553 2145 Florentinis
1571 2106 1686 2144 hanua
1702 2106 1910 2157 explicatur
1926 2104 2101 2146 rastrum.

210 2158 255 2209 n)
285 2160 328 2197 B.
348 2172 395 2197 ex
413 2161 626 2198 coniectura
646 2159 854 2211 legendum
875 2160 1016 2207 judicat
1038 2162 1074 2197 ni
1077 2161 1211 2211 fagrs,
1234 2159 1339 2211 quod
1358 2159 1540 2211 equidem
1558 2173 1638 2198 non
1655 2158 1784 2204 video,
1817 2158 2016 2209 quomodo
2042 2157 2164 2198 sensui
2182 2161 2359 2212 Euange-

256 2210 350 2251 listae
367 2214 567 2252 convenire
586 2215 742 2264 poterit,
771 2211 840 2252 nifi
857 2214 990 2265 praevia
1004 2214 1065 2251 illa
1080 2214 1261 2263 particula
1284 2214 1458 2264 negativa
1478 2212 1639 2251 abfuerit
1684 2260 1686 2263 v
1706 2210 1903 2265 Qiicquid
1930 2210 1994 2258 fit,
2026 2221 2202 2251 neutram
2219 2226 2355 2251 vocem

259 2263 428 2315 agnoscit
449 2265 485 2303 h.
505 2267 520 2302 Ι
554 2265 699 2312 Codex,
727 2266 796 2316 qui
817 2265 929 2305 habet
939 2264 1065 2319 gatils,
1093 2275 1211 2317 aptus,
1234 2275 1492 2318 opportunus,
1522 2277 1542 2304 a
1560 2263 1611 2312 til,
1639 2265 1919 2316 opportunitas,
1953 2263 2116 2312 occasio,
2146 2263 2230 2303 Luc
2255 2267 2298 2312 6,
2319 2277 2359 2311 7.

259 2318 363 2356 Huic
378 2316 507 2357 affinia
526 2316 612 2357 sunt
627 2317 688 2356 tila
706 2319 877 2360 Fennon.
895 2319 1069 2364 facultas,
1098 2319 1217 2365 locus,
1246 2319 1389 2357 itineris
1407 2317 1660 2357 commoditas
1677 2316 1780 2368 apud
1802 2315 2026 2364 Juslem'nm3
2061 2315 2185 2356 ASax.
2205 2317 2264 2364 til,
2291 2318 2357 2357 bo-

260 2383 357 2418 nus,
379 2370 516 2418 untale,
543 2373 685 2418 malus,
725 2372 826 2422 apud
845 2370 981 2409 Hickes.
1001 2373 1042 2409 in
1059 2371 1171 2409 Thes
1194 2373 1322 2409 Gram.
1341 2368 1413 2409 AS
1445 2371 1478 2407 ἃ
1503 2368 1595 2408 MG.
1624 2383 1650 2421 p
1685 2381 1748 2420 9¹·
1776 2369 1870 2407 item
1889 2368 2072 2407 Differ-tat.
2092 2368 2243 2422 Epistol.
2262 2383 2286 2421 p
2319 2382 2358 2422 9.

259 2423 308 2462 ad
332 2437 367 2462 v.
386 2423 508 2476 gyret,
535 2422 633 2463 ketil:
663 2424 803 2475 quibus
828 2424 995 2475 denique
1021 2422 1160 2461 addam
1188 2436 1235 2462 ex
1260 2423 1424 2460 Somnero
1447 2420 1582 2474 filling,
1615 2421 1824 2466 auxilium,
1851 2419 2087 2469 sustentatio,
2116 2436 2223 2471 cura,
2253 2424 2358 2464 unde

266 2474 398 2515 Moeso
417 2476 550 2515 Gothis
569 2475 670 2522 tilon,
700 2476 893 2521 adiuvare,
922 2476 1113 2524 auxiliari,
1142 2475 1247 2527 quod
1262 2472 1424 2527 superest
1441 2474 1482 2513 in
1502 2472 1691 2522 andtiloth,
1708 2470 1926 2521 simiis-cm,
1956 2476 2047 2513 Luc.
2073 2475 2131 2516 16.
2159 2488 2222 2523 13·

207 2529 244 2578 ο)
269 2529 416 2568 Ultima
441 2529 518 2568 haec
540 2542 621 2568 non
646 2530 786 2580 legunt
802 2531 839 2581 J.
859 2530 894 2567 ὃ(
911 2529 967 2570 St·
2012 2552 2017 2555 ·

203 2582 246 2633 p)
273 2582 375 2621 Editi
392 2581 610 2620 mmm-heda.
667 2581 801 2622 Codex
817 2595 904 2621 vero
924 2584 1140 2633 Argenteus
1157 2580 1257 2621 hanc
1273 2592 1407 2621 vocem
1426 2580 1566 2625 reiicit,
1596 2589 1634 2619 et
1651 2592 1768 2632 quam
1794 2592 1864 2619 nos
1892 2578 2140 2627 restituimus,
2166 2579 2350 2622 submini-

255 2633 359 2726 ξιτατ-ε
387 2633 579 2674 descendit
595 2634 697 2674 abus
714 2645 751 2674 et
768 2633 948 2686 taiknjan,
975 2634 1104 2676 sueth.
1127 2633 1249 2684 tekna,
1279 2634 1382 2688 quod
1411 2633 1462 2672 est
1487 2646 1508 2672 a
1531 2631 1662 2681 taikns,
1690 2633 1820 2674 Sueth.
1846 2631 1937 2686 telin,
1957 2635 2139 2685 Signum‚
2166 2634 2220 2673 cfr
2253 2637 2288 2687 J⁴
2313 2647 2350 2676 et

285 2698 309 2726 t.
335 2700 377 2726 m
402 2701 508 2727 voce.

205 2739 244 2789 q)
271 2743 306 2791 J.
332 2751 369 2779 et
394 2742 448 2781 St.
467 2733 903 2794 antharanafi‘hantzgnm
926 2738 968 2779 B.
989 2737 1429 2793 antharansfihmztiguns,
1461 2751 1498 2779 et
1515 2738 1589 2779 hoc
1610 2738 1769 2792 quidem
1794 2740 2025 2788 accuratius,
2057 2734 2086 2777 fi
2115 2739 2157 2778 in
2184 2740 2294 2780 certis
2312 2749 2351 2780 et

260 2793 438 2833 conceffis
454 2793 679 2845 ponendum
697 2792 767 2833 est2
799 2795 912 2832 etia-m
931 2804 1112 2832 numeros
1130 2794 1330 2833 cardinales
1354 2793 1400 2832 ab
1429 2794 1579 2833 auctore
1607 2793 1733 2833 nostro
1758 2792 1969 2833 constanter
1994 2792 2191 2839 declinari,
2217 2806 2349 2846 excep-

260 2846 409 2884 tionem
436 2860 524 2886 vero
540 2848 727 2898 requirere
752 2845 970 2885 lzouetehund
982 2876 988 2889 .
1016 2846 1166 2893 docent,
1194 2857 1324 2899 praeter
1340 2846 1443 2885 hunc
1461 2847 1606 2894 locum,
1625 2844 1951 2898 tlzaistbumelmnd,
1978 2844 2103 2897 paullo
2122 2845 2219 2885 infra
2235 2860 2273 2889 v.
2288 2858 2348 2892 17.

247 2896 330 2948 jere
355 2898 609 2947 ahtautehund,
637 2902 718 2939 Luc
752 2916 786 2947 2,
817 2909 876 2946 37.
910 2899 966 2946 16,
996 2909 1030 2944 7.
1058 2899 1116 2937 alio
1143 2899 1375 2946 mantelas-fd,
1403 2913 1434 2938 c.
1458 2911 1514 2947 ις,
1543 2912 1582 2950 4.
1611 2898 1885 2946 taihuntehund,-
1923 2897 2013 2937 ibid.
2046 2908 2083 2937 et
2113 2899 2174 2947 16,
2208 2910 2244 2949 7.
2275 2912 2349 2941 nec

257 2962 340 2994 nou
356 2949 480 2993 taihun
494 2953 586 2995 Luc.
609 2963 677 3003 15,
698 2960 732 3000 8.
755 2963 815 3005 19.
839 2964 904 3001 ηρ
915 2965 985 3004 pro
1004 2965 1081 3005 quo
1098 2952 1189 2995 editi
1211 2953 1383 3005 tailzmy'a.
1408 2957 1463 2995 At
1484 2967 1521 2998 e.
1545 2963 1605 3003 15,
1633 2964 1670 3003 7.
1701 2952 1864 2994 occurrit
1886 2949 2148 2995 niuntehundis.
2366 2944 2373 2962 ²
