2473 3380
953 127 1572 184 PRAEFATIO.
2341 162 2364 203 3

163 245 325 292 tumvis
362 254 492 289 tenue
531 234 831 300 spicilegium,
879 237 1006 286 nobis
1056 241 1274 290 relistum-
1301 241 1404 301 effe,
1439 243 1597 291 deinde
1624 243 2088 306 animadverteremus;
2123 266 2211 297 non
2240 257 2365 314 peni-

162 325 233 356 tus
262 309 436 355 erudito
467 306 566 353 orbi
594 307 817 365 ingratum
847 301 1046 353 futurum
1076 308 1438 367 existimavimus,
1473 307 1502 356 fi
1532 312 1577 355 in
1609 313 1784 371 incepto
1804 310 1940 360 stadio
1964 332 2266 377 pergeremus,
2301 323 2365 370 id.

160 392 247 435 que
276 391 394 422 tanto
426 375 586 433 magis,
621 388 762 431 quum
790 370 878 417 haec
907 371 1049 419 nostra
1069 375 1215 435 opella
1246 376 1353 422 adeo
1378 392 1469 422 non
1487 393 1664 438 nuperae
1690 378 1795 424 huic
1826 379 2005 426 editioni
2033 384 2271 443 quidquam
2292 388 2362 434 de·

159 442 322 498 trahat,
343 456 391 486 ut
410 441 560 502 potius
579 439 734 484 merita
757 438 839 483 viri
862 435 1024 485 summi
1056 439 1104 485 fit
1122 440 1383 488 illustratura
1398 474 1412 498 ,
1446 442 1599 503 illique
1619 441 1744 491 suurn
1766 445 1893 490 decus
1913 447 2192 507 vindicatura,
2221 470 2361 512 quum

178 524 253 553 aro
286 504 376 568 ipse
405 520 548 559 notet,
591 503 698 563 quid
727 502 954 563 prioribus
982 505 1253 553 editionibus
1290 510 1394 554 novi
1435 509 1707 566 adnexuerit‚
1742 510 1785 556 ὅ(
1812 511 1920 570 quid
1953 513 2062 559 adeo
2091 514 2221 576 ipsius
2249 536 2361 566 curae

153 523 406 623 debeamus,
475 570 610 635 Qod
647 586 786 615 unum
818 570 871 616 ad
907 570 1110 616 desideria
1146 571 1288 619 nostra
1313 575 1490 633 penitus
1522 576 1732 636 explenda
1772 575 1909 623 deesse
1943 579 2140 638 videtur,
2173 582 2258 630 hoc
2288 584 2359 642 est,

156 639 277 698 quod
297 635 565 693 Glossarium
587 635 878 696 Ulphilanum
899 639 1060 696 pariae
1081 635 1229 697 ipsum
1259 654 1422 686 textum
1455 657 1558 686 cura
1588 640 1849 689 illustratum
1875 644 2122 705 relinquere
2151 649 2360 709 noluerit,

156 707 235 764 qui
271 698 318 750 id
361 705 568 750 omnium
615 704 784 763 optime
820 699 1036 757 valuisset,
1090 703 1463 750 reverendissimus
1503 707 1875 770 archiepiscopum
1968 714 2127 773 Operae
2157 719 2356 775 pretium

153 787 245 816 non
275 769 361 827 est,
399 785 771 823 commemorare,
803 784 876 814 me
907 767 1137 814 numerosa
1173 769 1377 829 quidem,
1423 769 1496 817 sed
1527 770 1668 818 nescio
1697 792 1750 819 an
1782 775 1961 822 alicuius
1988 775 2129 839 frugis
2159 784 2357 834 mantissa

154 835 373 884 adauxisse
406 837 574 883 labores
603 833 743 899 Junii
769 832 810 879 ἃ
845 832 1197 892 ΞῐίενηΙιὲείνηὶἰ,
1234 837 1274 882 ἃ
1295 837 1349 883 ad
1378 834 1479 882 suos
1509 834 1652 883 fontes
1685 839 1874 886 retuliffe
1902 859 1950 888 ea
1980 845 2211 905 vocabula,
2246 867 2355 909 quo-

151 920 254 949 rum
274 903 363 949 huc
383 919 520 961 usque
544 902 668 946 dubii
692 896 813 955 fuere
844 899 1020 956 natales.
1101 903 1236 947 Foret
1254 918 1397 948 tamen
1427 904 1472 947 in
1502 903 1583 948 illis
1612 904 1780 962 aliquid
1809 903 1947 962 forte,
1983 911 2101 966 quod
2130 930 2216 959 non
2233 920 2354 975 peni·-

151 983 222 1014 tus
255 968 590 1015 incommodum
619 963 880 1022 censeretur,
908 964 938 1011 fi
969 968 1012 1011 in
1041 965 1266 1027 posterum
1287 967 1505 1015 Gloffario
1526 970 1768 1030 Ulphilano
1797 988 1955 1018 novam
1984 975 2094 1020 hanc
2114 978 2351 1030 editionem

148 1032 308 1094 stipare
340 1032 588 1080 consultum
621 1032 806 1077 duceret.
881 1031 970 1078 Vir
1000 1033 1137 1079 modo
1174 1033 1370 1082 Dudatus
1400 1032 1544 1085 Edw.
1565 1037 1681 1104 Lye,
1718 1054 1807 1098 quo
1837 1040 1989 1097 etiam,
2027 1058 2238 1101 quantum
2267 1064 2349 1109 ego

143 1101 324 1161 judico,
355 1116 498 1145 carere
537 1115 706 1160 nupera
733 1097 826 1143 haec
854 1097 990 1144 editio
1019 1116 1109 1145 non
1129 1099 1270 1149 debet,

351 1169 508 1211 Praeter
538 1165 648 1210 hanc
676 1161 1004 1222 colleffionem,
1049 1168 1251 1212 convenit
1288 1168 1418 1214 etiam
1461 1185 1531 1215 rne
1563 1170 1675 1215 inter
1701 1169 1745 1216 ὅ(
1773 1169 2069 1239 Sotbergium
2097 1192 2269 1235 meum,
2301 1196 2351 1228 ut

147 1246 244 1278 uter
282 1229 482 1278 nostrum
518 1232 617 1292 plus
652 1229 889 1290 aliquando
927 1231 1238 1279 nancisceretur
1274 1236 1377 1291 otii,
1421 1233 1749 1294 subsequeretur
1786 1238 1951 1298 aliquot
1984 1241 2348 1293 dissertationibus

142 1298 423 1358 Ulphilanis,
458 1298 530 1344 illa
559 1314 654 1356 quae
682 1298 770 1358 jam
803 1294 974 1341 adferre
1006 1298 1166 1341 chartae
1198 1295 1385 1357 spatium
1415 1301 1456 1345 ὃ(
1486 1301 1718 1347 academici
1752 1301 2001 1363 speciminis
2039 1310 2248 1357 modulus
2279 1330 2347 1359 ne-

144 1379 278 1423 garet.
347 1367 385 1406 V
391 1363 616 1407 idebamur
638 1362 760 1421 enim
775 1359 915 1415 nobis,
949 1363 1064 1406 varia
1086 1362 1450 1420 animadvertiss'e,
1485 1381 1580 1423 quae
1599 1367 1731 1425 vulgo
1762 1369 1889 1426 haud,
1915 1372 2021 1417 adeo
2047 1377 2219 1435 cognita
2237 1376 2350 1436 sunt,

145 1444 333 1486 quaeque
364 1426 442 1472 sub
471 1423 587 1471 hisce
616 1424 991 1471 lucubrationibus
1019 1425 1174 1472 nostris
1204 1430 1248 1473 in
1277 1444 1471 1474 mentem
1504 1446 1731 1479 venerunt.
1801 1437 1955 1498 Qtum
1984 1454 2087 1484 vero
2109 1438 2259 1489 futura
2277 1461 2348 1490 ne·

140 1508 219 1539 mo
239 1491 437 1553 praestare
465 1506 616 1551 queat,
650 1506 806 1536 eorum
835 1491 1066 1548 nonnulla,
1100 1490 1172 1538 sed
1201 1510 1339 1554 pauca
1369 1511 1536 1552 tamen,
1570 1496 1667 1542 heic
1687 1499 1733 1542 in
1751 1499 2012 1549 antecessum
2042 1504 2258 1561 delibabo,

345 1561 378 1604 I.
418 1557 555 1621 Quod
593 1558 793 1618 principe
825 1557 925 1603 loco
960 1555 1037 1604 suo
1079 1561 1239 1606 merito
1276 1562 1481 1620 ponitur,
1517 1560 1860 1622 observavimus,
1897 1569 2093 1616 codicem
2135 1572 2254 1622 hunc
2280 1593 2342 1625 ar-

139 1638 346 1685 genteum
376 1641 456 1670 nec
484 1641 627 1685 penna
660 1640 740 1669 nec
771 1623 938 1669 calamo
969 1621 1180 1685 scriptum
1218 1625 1323 1683 esse,
1357 1625 1426 1673 sed
1460 1645 1631 1688 revera,
1667 1647 1930 1692 quocunque
1970 1635 2141 1684 artificii
2176 1657 2344 1701 genere,

137 1684 285 1736 literas
305 1691 368 1736 illi
389 1687 612 1751 impressas
632 1688 724 1737 esse.
781 1691 963 1736 Somnia
988 1708 1060 1736 me
1088 1708 1281 1749 narrare,
1308 1693 1538 1744 ,arbitraris
1560 1699 1609 1743 Β.
1633 1698 1680 1746 L.
1703 1700 1783 1756 qui
1803 1699 2058 1759 impressum
2084 1718 2207 1752 tantae
2227 1723 2346 1756 vetu-

140 1754 257 1802 statis
285 1757 482 1803 codicem
511 1756 634 1813 dico,
671 1773 811 1815 quum
840 1771 982 1802 tamen
1022 1772 1237 1819 typorum
1263 1759 1372 1806 adeo
1401 1776 1616 1808 recentem
1647 1777 1813 1810 aetatem
1841 1764 1943 1822 effe,
1980 1771 2194 1821 norimus.
2262 1775 2343 1822 Sed

140 1820 201 1867 est
223 1838 388 1880 tamen,
424 1825 490 1869 uti
509 1823 632 1880 dico,
665 1822 707 1868 <St
728 1840 870 1882 quum
899 1825 1035 1869 vereri
1057 1824 1285 1883 deberem,
1318 1843 1370 1872 ne
1389 1827 1501 1872 mihi
1522 1829 1565 1872 in
1591 1845 1637 1874 re
1662 1830 1770 1875 adeo
1793 1847 1904 1878 nova
1921 1830 2022 1879 fidei
2041 1833 2156 1884 forte
2185 1855 2344 1899 parum

136 1887 391 1946 haberetur,
424 1890 592 1949 aliquot
626 1888 893 1950 collegarum
935 1906 1163 1947 meorum,
1219 1893 1337 1938 viros
1381 1892 1669 1941 nobiliffimos
1711 1896 2110 1961 celeberrimosque
2135 1904 2343 1954 dominos

137 1955 395 2005 Samuelem
423 1957 813 2021 Klingenstierna‚
850 1956 928 2005 Ol.
961 1955 1150 2021 Celstum
1177 1958 1218 2005 ἃ
1252 1956 1365 2023 Joh.
1390 1959 1557 2008 Amne!
1581 1977 1664 2008 una
1696 1978 1797 2008 cum
1825 1962 2097 2014 bibliothecae
2130 1969 2339 2032 praefeRO

135 2022 299 2068 vicario
332 2023 532 2088 Birgero
559 2021 764 2070 Frondin
792 2023 945 2084 rogavi
978 2040 1144 2084 nuper,
1187 2040 1236 2071 ut
1267 2023 1346 2072 suo
1376 2025 1625 2073 testimonio
1663 2030 1729 2074 rei
1780 2027 1911 2077 fidem
1956 2034 2183 2094 adderent,
2219 2040 2342 2099 quod

133 2090 268 2134 etiam
298 2087 482 2150 benigne
510 2088 816 2149 praestiterunt.
886 2092 949 2135 Ut
968 2107 1096 2147 vero,
1132 2091 1241 2150 quid
1260 2094 1323 2138 rei
1345 2091 1418 2153 sit,
1448 2091 1589 2149 statim
1615 2094 1828 2152 indicem,
1862 2097 1994 2145 velim
2014 2100 2237 2163 observes,
2269 2124 2342 2154 an-

129 2156 321 2213 .tiquiori
352 2170 451 2200 aevo
479 2153 701 2215 scripturae
729 2172 863 2216 genus
882 2151 1034 2211 fuisse,
1070 2157 1193 2216 quod
1221 2162 1471 2224 encaustum
1503 2160 1670 2218 dixere,
1708 2162 1919 2222 quodque
1946 2167 2193 2217 multorum
2227 2168 2339 2220 secu-‘

133 2217 281 2265 lorum
306 2219 529 2264 oblivione
558 2222 615 2263 ita
639 2220 728 2279 jam
749 2220 933 2264 desitum
957 2220 1040 2275 est,
1073 2237 1121 2267 ut
1149 2224 1270 2282 apud
1294 2224 1606 2274 Pancir·ollum
1633 2228 1746 2273 inter
1772 2244 1882 2274 artes
1909 2231 2171 2293 deperditas>
2187 2236 2342 2288 locum

132 2284 363 2331 invenerit.
447 2286 552 2330 Hoc
579 2300 684 2329 vero
715 2282 806 2344 ipsa
833 2286 1026 2331 nominis
1051 2287 1161 2332 ratio
1191 2288 1374 2346 indicat,
1408 2287 1616 2337 calefaao
1658 2293 1851 2350 quodam
1879 2292 2001 2342 ferro
2030 2299 2173 2346 literas
2201 2300 2345 2353 mem-'

133 2350 278 2397 branae
321 2347 533 2410 impastus
569 2346 723 2404 fuisse,
759 2351 825 2396 uti
858 2351 989 2397 etiam
1031 2350 1215 2412 pisturae
1255 2371 1392 2415 genus
1429 2356 1548 2417 apud
1581 2358 1787 2415 antiquos
1825 2354 1931 2417 fuit,
1965 2363 2088 2422 quod
2130 2364 2259 2414 simili
2289 2387 2339 2418 ex

134 2414 272 2462 caussa
297 2414 547 2463 encaustum
569 2416 720 2471 audiit,
757 2415 864 2462 dum
895 2433 1010 2463 ceras
1035 2420 1245 2466 veruculo
1265 2419 1493 2482 fingebant,
1524 2423 1644 2470 &ita
1663 2420 1870 2482 formam,
1896 2443 2030 2487 quarn
2050 2432 2246 2496 voluere,
2272 2436 2338 2486 illi

133 2475 359 2541 indebant,
386 2482 438 2528 de
468 2499 559 2542 quo
589 2480 772 2543 pisturae
800 2499 955 2544 genere
986 2483 1290 2546 intelligendus
1320 2489 1507 2536 Ovidius
1553 2490 1604 2534 in
1632 2487 1793 2540 Fastisz

144 2547 147 2551 ’
883 2547 1163 2615 Tabulasque
1213 2554 1436 2604 coloribus
1479 2559 1596 2604 uris.

334 2615 470 2676 Qod
496 2630 601 2661 vero
630 2615 713 2662 hac
738 2628 828 2662 arte
854 2614 1090 2664 encaustica
1115 2617 1257 2677 codex,
1277 2620 1421 2670 noster
1444 2621 1493 2668 fit
1522 2637 1716 2670 exaratus
1725 2661 1738 2683 ,
1772 2625 1815 2671 &
1831 2641 2048 2688 quantum
2073 2627 2186 2690 scio,
2219 2632 2336 2686 solus

128 2682 177 2726 in
205 2679 409 2726 universo
435 2680 565 2736 orbe,
598 2684 818 2730 evincunt.

338 2762 377 2794 1.
405 2747 650 2793 Literarum
678 2744 847 2804 forma,
883 2765 978 2808 quae
1005 2747 1230 2799 manifeste
1257 2751 1311 2800 ab
1338 2752 1511 2802 adversa
1540 2771 1663 2817 parte
1691 2773 1790 2804 cava
1809 2757 1888 2814 est,
1924 2760 2036 2808 &ab
2064 2763 2206 2813 aversa
2231 2785 2335 2817 con-

129 2830 255 2869 vexa3
289 2827 418 2872 atque
451 2811 496 2857 id
523 2813 602 2868 ita,
635 2827 685 2858 ut
716 2813 770 2860 ad
799 2813 886 2859 hoc
914 2815 1346 2866 animadvertendum
1377 2838 1467 2868 non
1496 2824 1656 2880 oculis,
1691 2822 1762 2870 sed
1792 2825 2034 2885 digitorum
2063 2828 2185 2878 sensu
2216 2851 2331 2896 opus

130 2878 202 2940 fit,
235 2895 376 2942 quum
392 2878 562 2937 charta,
592 2878 693 2927 alias
712 2878 949 2940 laeviffima,
983 2881 1015 2931 fi
1035 2886 1279 2947 marginem
1300 2884 1464 2948 speE‘tes
1485 2889 1526 2937 ὅ(
1546 2891 1761 2938 linearum
1780 2891 2025 2953 interstitia,
2059 2898 2171 2947 inter
2187 2900 2332 2948 literas

1281 2958 1320 3000 A
1353 2968 1382 3003 2
2217 2967 2332 3017 tastu
