2473 3380
411 96 759 151 ESBERGII
793 96 1145 154 ULPHILAS
1183 100 1595 157 GOTHORUM
1622 105 2026 164 EPISCOPUS.
2258 123 2323 173 39

104 207 347 272 produsta,
381 212 486 257 novi
504 208 669 273 syderis
689 209 819 258 instar
842 213 955 258 inter
976 228 1076 260 nota
1105 212 1196 260 caeli
1226 214 1391 261 lumina
1418 214 1564 264 subito
1592 216 1889 277 elucescentis,
1920 238 2009 268 non
2029 233 2201 283 poterat
2225 237 2319 268 non

103 275 345 324 christianis
366 275 483 323 illius
502 279 716 338 temporis
736 295 847 324 nova
869 278 912 324 ὅ(
933 281 1044 324 mira
1062 280 1227 337 videri,
1260 296 1357 328 tum
1377 281 1435 329 ob
1459 283 1622 328 litteras
1647 286 1830 330 minime
1851 286 2109 344 familiares,
2145 289 2316 348 quippe

102 342 158 389 ab
184 342 377 405 Ulplzzla
394 345 675 404 excogitatas,
710 361 787 390 nec
808 343 887 390 ulli
906 362 1104 404 unquam
1131 361 1252 392 antea
1280 346 1384 393 visas
1394 366 1406 403 3
1437 363 1534 394 tum
1565 348 1624 394 ob
1646 348 1866 410 linguam,
1902 353 1948 397 in
1974 370 2062 412 qua
2088 353 2200 399 nihil
2218 368 2317 399 ante

99 409 173 455 illa
192 425 393 470 tempora
415 406 628 468 scriptum
648 410 854 470 legerant,
921 413 1030 457 Haec
1060 411 1168 469 quin
1196 428 1308 472 pure
1328 414 1519 460 Gothica
1548 411 1704 472 fuerit,
1737 414 1810 462 sed
1839 418 1958 477 quali
1988 436 2036 464 ea
2062 415 2313 480 tempestate

98 475 242 522 Gothi
269 489 387 521 extra
416 477 604 534 patriam
625 489 956 526 *commorantes
985 491 1233 534 uterentur,
1261 478 1368 523 nulli
1393 478 1656 530 dubitamus.
1724 484 1890 530 Favent
1919 483 2048 530 nobis
2076 484 2156 530 hac
2184 486 2230 530 in
2249 502 2314 542 re,

96 557 147 587 ut
165 555 358 588 veterum
378 539 626 588 testimonia
644 558 734 587 non
753 540 1030 587 cumulemus
1043 576 1053 595 ,
1090 541 1157 589 Cl.
1177 544 1336 604 Junius
1358 546 1401 589 in
1420 544 1560 594 Gloss.
1581 543 1799 606 Gothic03
1829 550 2030 596 Vei-elius
2050 551 2096 595 in
2114 553 2312 611 Runogr,

95 607 249 655 Scand.
287 608 331 667 o)
364 608 568 653 Thomas
591 604 907 653 Mareschallus
927 608 973 651 in
994 605 1082 656 obs.
1105 608 1158 652 de
1176 608 1365 655 verfione
1385 611 1601 667 Gorhica,
1630 611 1690 677 p)
1726 613 1768 660 &
1786 616 2020 677 perpulcre
2039 614 2193 663 aneior
2211 618 2314 663 Dia-

93 674 152 720 rii
172 672 444 719 eruditorum
465 672 646 728 Gallici,
680 674 728 737 q)
764 673 869 717 dum
892 672 949 719 ita
971 670 1140 718 scribit:
1178 674 1245 721 Et
1263 690 1292 722 a
1303 679 1432 738 peine
1433 674 1485 739 s
1492 682 1644 726 auroit
1663 695 1717 727 on
1736 681 1876 744 quelle
1893 686 2001 730 etoit
2017 683 2117 730 leur
2134 683 2315 748 langue,

84 740 126 804 fi
140 738 229 788 l'on
252 736 418 787 n’avoit
444 745 601 786 trozcve‘
628 737 783 804 depuis
807 753 895 802 peu
913 749 1020 786 cette
1044 738 1295 787 τναάιιῖίὶοη
1325 741 1401 788 des
1430 744 1680 809 evangiliis,
1713 750 1790 809 qui
1816 750 1874 811 est
1900 748 1942 796 le
1957 747 2066 812 seul
2089 748 2206 797 livre
2231 764 2314 812 que

94 822 204 854 nous
230 821 371 870 ayons
397 809 670 853 maintenant
701 807 813 852 e‘crit
841 819 894 851 en
918 803 1083 869 langue
1104 818 1343 870 purement
1365 807 1575 873 Gotique.
1638 812 1858 872 Georgius
1876 814 2110 862 Hickesius
2128 816 2313 873 Anglus,

92 874 171 932 qui
191 871 480 918 institutiones
501 871 633 917 huius
651 871 811 931 linguae
831 870 967 916 edidit
987 872 1168 916 Oxoniae
1193 888 1209 917 1
1222 877 1251 920 6
1257 881 1334 928 89.
1355 874 1400 918 in
1420 888 1501 934 4to
1521 891 1618 922 eam
1636 874 1731 923 satis
1751 878 1946 939 apposite
1963 898 2077 927 nunc
2095 876 2310 945 Ulplziia-

94 935 341 987 Gothicam
361 955 476 984 nunc
498 933 865 1003 Moefiigotlzicam
882 935 1093 997 appellat,
1129 939 1298 999 quippe
1327 955 1461 999 quam
1500 941 1545 986 in
1579 941 1732 989 Moesia
1762 945 1806 990 &
1832 945 2027 992 Thracia
2054 947 2191 995 locuti
2209 947 2313 995 lunt·

89 1005 250 1053 Gothi.
317 1003 454 1050 Unde
475 1002 629 1050 illustr.
656 1000 986 1049 Oernhielmius
1014 1003 1344 1061 accuratiffime,
1380 1021 1427 1052 ut
1448 1003 1579 1054 solet:
1612 1009 2106 1075 Scripturamstzcram
2135 1016 2186 1062 in
2206 1013 2308 1062 Go-

87 1069 257 1121 thicam
278 1072 402 1132 istius
420 1070 506 1118 loci
523 1069 766 1130 (Thraciae)
786 1070 990 1134 linguam
1008 1074 1228 1118 convertit
1253 1068 1485 1137 Ulplzilas.
1554 1076 1658 1138 Qo
1677 1074 1771 1136 ipso
1791 1082 1981 1125 occurrit
2000 1080 2074 1136 iis,
2108 1081 2184 1138 qui
2207 1096 2309 1126 con-

89 1138 249 1184 cedunt
265 1136 444 1195 quidem
473 1134 677 1196 scriptam
700 1134 782 1182 esse
808 1133 1047 1181 versionem
1074 1134 1283 1200 Ulphiloe
1311 1155 1359 1185 ea
1386 1139 1558 1202 lingua,
1590 1158 1676 1200 qua
1703 1144 1749 1187 in
1768 1144 1962 1192 Thracia
1982 1144 2220 1204 Moesiaque
2245 1144 2308 1195 usi

89 1202 191 1251 sunt
211 1202 391 1259 Gothis
410 1200 481 1248 sed
509 1219 605 1248 eam
634 1219 746 1263 pure
766 1200 1007 1250 Gothicam
1034 1199 1162 1249 fuisse
1192 1221 1362 1267 negant,
1432 1209 1549 1255 Inter
1576 1208 1659 1256 hos
1686 1208 1837 1259 audias
1857 1211 1947 1259 Cel.
1969 1213 2235 1259 Loccenium
2258 1213 2309 1257 in

87 1271 216 1318 antie.
239 1268 380 1317 Goth,
411 1269 460 1329 r)
507 1267 686 1335 Quoad
701 1269 867 1317 idioma
885 1286 987 1319 vero
1001 1302 1013 1326 ‚
1054 1269 1210 1338 Uffiloe
1229 1274 1366 1338 versio
1386 1276 1540 1324 mixta
1559 1279 1614 1342 est
1630 1293 1692 1325 ex
1706 1283 1842 1328 veteri
1863 1274 2084 1335 Gothico,
2117 1280 2166 1329 θ’
2198 1278 2307 1328 Teu-

85 1340 233 1387 tonica
254 1336 430 1402 lingua.
485 1336 592 1399 J0h.
615 1335 871 1382 Saubertum
892 1337 1060 1399 proleg.
1085 1339 1131 1385 in
1151 1341 1286 1386 varias
1316 1340 1521 1388 leffiones
1552 1358 1692 1390 textus
1719 1348 1847 1407 graeci
1872 1347 2082 1407 evangelii
2101 1344 2305 1398 Matthaei,

85 1420 189 1465 pag.
211 1418 294 1464 43.
334 1398 532 1451 Gothico
566 1403 699 1468 versio
729 1407 895 1451 veteris
922 1404 1093 1470 linguae
1125 1405 1418 1457 Germanicae
1446 1412 1793 1480 antiquiffimum
1816 1425 2098 1464 momentum,
2141 1416 2305 1476 Janum

84 1471 329 1516 Gruterum
349 1470 394 1514 in
412 1466 771 1530 inscriptionibus
789 1471 979 1530 antiquis
1000 1470 1119 1517 orbis
1141 1475 1352 1521 Romani:
1387 1476 1433 1533 s)
1463 1476 1620 1524 Detur
1638 1474 1718 1525 hoc
1734 1483 1909 1543 patriae
1925 1480 2110 1545 lingui?²
2134 1495 2184 1527 oc
2193 1477 2304 1541 [ἰώ-

81 1544 315 1585 ηεὲῑαηιαν
326 1532 652 1600 stiperioribus
674 1536 885 1594 exoletis,
920 1533 1115 1585 Gothico
1143 1541 1244 1603 ssa,
1256 1541 1350 1604 sive
1376 1541 1651 1591 Germanica
1666 1541 1806 1606 fiant,
1835 1561 1934 1610 quae
1961 1548 2302 1593 communicavit

84 1602 213 1651 nobis
239 1605 410 1650 amicus
438 1603 525 1652 &a
593 1600 790 1648 Doaum
818 1620 1093 1666 anonymum
1126 1608 1490 1656 commentariolo
1521 1610 1566 1654 in
1590 1609 1652 1659 lit.
1674 1607 1913 1660 Gothicas:
1949 1609 1992 1676 t)
2026 1612 2189 1661 Sermo
2212 1610 2304 1660 Ge·

81 1666 232 1718 thicus
252 1671 308 1732 est
331 1667 512 1717 Gallico
530 1679 614 1716 tem
648 1680 825 1726 eratus,
858 1685 965 1717 nom
991 1671 1042 1720 δ’
1056 1676 1270 1735 genitivis
1289 1675 1446 1723 latinis
1458 1671 1637 1740 semper
1651 1681 1814 1733 utitur,
1837 1679 1885 1728 Εἴ
1905 1693 1935 1725 a
1949 1695 2037 1742 pro
2059 1678 2132 1734 ad,
2161 1683 2206 1726 in
2219 1693 2300 1744 ge-

79 1751 185 1784 nere
204 1747 353 1783 tamen
378 1685 690 1800 ger-maniffiit.
755 1738 873 1782 Cum
891 1736 960 1781 his
980 1735 1221 1785 Germanis
1249 1736 1352 1786 facit
1371 1739 1602 1802 Georgius
1621 1743 1871 1803 Heupelius
1884 1782 1893 1799 ,
1926 1744 1970 1791 &
1998 1743 2089 1806 ipse
2108 1742 2294 1792 Germa«

78 1819 185 1859 nus,
220 1803 266 1847 in
285 1799 359 1848 sua
376 1800 665 1848 differtatione
687 1801 740 1848 de
767 1800 956 1848 versione
982 1805 1044 1848 IV
1070 1803 1425 1864 evangelistarum
1449 1805 1665 1855 Gothica.
1701 1812 1747 1869 ze)
1782 1806 1932 1867 Mihi,
1962 1813 2178 1874 utstatim
2198 1825 2301 1874 quae

79 1882 178 1917 mea
197 1884 319 1917 mens
319 1868 391 1934 stt
406 1905 416 1924 ‚
449 1883 746 1932 expromam,
779 1872 934 1916 mixta
951 1869 1130 1917 videtur
1149 1885 1211 1918 ex
1228 1873 1389 1937 lingua
1409 1867 1563 1920 eorum·
1593 1886 1821 1933 materna,
1855 1872 2052 1925 Gothico
2079 1879 2299 1926 nimirum

78 1948 209 2001 atque
228 1938 369 1985 veteri
394 1934 649 1984 Teutonico.
719 1937 818 1980 Imo
842 1936 899 1981 ita
917 1935 1079 1992 videri,
1113 1935 1297 1982 libenter
1313 1938 1355 1983 ἃ
1374 1955 1454 1984 nos
1476 1940 1774 1990 concedimus,
1810 1945 1875 1988 Ut
1892 1957 2036 1988 autern
2058 1959 2155 2002 quae
2175 1959 2299 1990 mens

79 2000 226 2049 nostra
243 2001 315 2060 sit,
350 2016 623 2064 exponamus
643 2001 816 2061 pauciS,
851 2017 900 2046 ea
927 2003 1104 2060 omnia,
1136 2018 1233 2061 quae
1263 2003 1308 2047 in
1336 2003 1524 2050 versione
1543 2003 1742 2052 Gothica
1770 2007 2031 2054 hominibus
2055 2007 2299 2065 Germanis

77 2066 569 2130 germanicafvidentur‚
603 2083 712 2126 pure
732 2064 931 2114 Gothica
960 2064 1042 2111 esse
1070 2083 1156 2128 pro
1187 2083 1304 2113 certo
1331 2067 1576 2121 statuimus.
1644 2070 1747 2118 Esto
1767 2075 1910 2130 enim,
1945 2074 2069 2134 quod
2095 2076 2298 2134 quaedam

74 2133 287 2181 vocabula
306 2133 560 2179 communia
579 2132 809 2178 habuerint
828 2133 938 2178 olim
957 2131 1157 2180 Gothica
1173 2133 1216 2179 &
1235 2136 1482 2181 Teutonica
1502 2136 1649 2197 lingua
1662 2174 1671 2192 ,
1706 2139 1825 2197 (nam
1847 2141 2095 2200 Heupelius
2121 2157 2209 2186 non
2231 2139 2299 2188 sa-

74 2202 131 2247 tis
150 2200 455 2247 convenienter
472 2198 684 2257 loquitur,
702 2198 808 2244 dum
827 2215 915 2244 non
935 2197 1011 2244 nisi
1037 2201 1156 2246 tenui
1175 2197 1357 2247 dialesto
1379 2201 1439 2247 ait
1461 2200 1750 2263 discrepasse,)
1772 2222 1879 2251 num
1900 2221 2135 2265 propterea
2153 2207 2298 2252 dieen-

73 2267 181 2315 dum
200 2264 260 2312 est
279 2266 459 2311 mixtam
481 2261 609 2311 fuisse
628 2280 677 2310 ex
695 2265 941 2311 Teutonica
961 2264 1142 2326 lingua?
1176 2266 1241 2311 vel
1268 2283 1369 2312 cum
1391 2269 1638 2314 Teutonica
1664 2265 1790 2315 fuisse
1811 2271 2025 2320 eandem?
2058 2271 2126 2317 vel
2143 2289 2293 2319 annon

73 2335 172 2394 pari
189 2334 284 2379 iure
303 2332 390 2377 dici
413 2332 591 2392 poterit,
622 2331 869 2377 Teutoniea
890 2348 938 2375 ex
959 2329 1156 2378 Gothica
1178 2328 1302 2378 fuisse
1324 2333 1489 2382 mixta?
1524 2334 1728 2380 Plurimae
1748 2334 1844 2382 sunt
1862 2337 2020 2397 linguae
2039 2355 2135 2397 quae
2153 2338 2207 2384 ab
2228 2356 2296 2386 ea-

72 2400 174 2445 dem
193 2395 500 2460 profluxerunt
516 2398 710 2457 origine,
741 2411 869 2456 atque
889 2413 983 2442 eam
1005 2396 1064 2443 ob
1094 2396 1263 2444 causam
1286 2399 1421 2444 multa
1443 2398 1605 2445 habent
1630 2401 1838 2448 vocabula
1867 2405 2147 2464 communia,
2182 2422 2293 2464 quas

71 2481 217 2513 tamen
238 2461 477 2510 absurdum
494 2462 631 2509 fuerit
650 2462 821 2509 easdem
840 2461 1042 2520 statuere,
1076 2463 1142 2508 vel
1163 2460 1360 2510 confusas
1390 2467 1575 2511 invicem
1604 2481 1733 2526 atque
1754 2471 1987 2528 permixtas
2006 2467 2101 2518 esse.
2170 2474 2292 2518 Cete-

70 2548 187 2588 rum,
215 2546 347 2589 quam
367 2527 625 2578 Germanus
644 2527 893 2589 Heupelius
909 2546 994 2589 pro
1015 2531 1261 2576 Teutonica
1280 2529 1432 2577 habuit
1456 2530 1653 2588 diale&o‚
1678 2531 1884 2581 Graecam
1907 2536 2138 2596 appellavit
2157 2539 2292 2583 Fran-

68 2595 204 2644 ciscus
215 2596 390 2659 JuniuS,
410 2592 579 2656 praefat.
601 2596 647 2641 in
666 2596 856 2656 evangel.
879 2593 1091 2647 Gothica.
1125 2597 1187 2658 x)
1224 2595 1375 2660 Ipsam
1398 2613 1499 2646 vero
1525 2599 1765 2647 Gothicam
1783 2600 1854 2658 (ut
1875 2617 1973 2666 quae
1988 2598 2092 2666 fiala
2109 2601 2294 2653 dialetio

70 2661 256 2730 differat
279 2677 309 2710 a
336 2660 510 2710 Graeca
538 2662 706 2723 vetere)
733 2662 792 2710 ab
821 2662 975 2710 eadem
1004 2664 1180 2729 origine
1207 2677 1307 2712 cum
1344 2663 1517 2713 (ἔνατα
1540 2663 1805 2732 profiuxsse
1833 2668 2100 2718 iudicabam.
2118 2671 2290 2782 Gi'itssin

2179 2752 2206 2781 Ο
2243 2754 2287 2781 a·

120 2892 157 2943 ο)
173 2902 326 2996 2323}
409 2887 664 2995 Ῑεὲῗιξᾶἒςὲῗ
771 2889 817 2941 q)
850 2887 959 2930 Tomo
982 2901 1014 2930 1.
1034 2902 1127 2943 pag.
1145 2893 1230 2943 464.
1338 2893 1376 2944 r)
1407 2888 1463 2940 lib.
1476 2906 1503 2933 2.
1529 2905 1636 2946 c.14.
1742 2895 1775 2947 s)
1795 2907 1839 2948 p,
1870 2897 1951 2946 146.
2058 2894 2097 2947 t)
2119 2908 2168 2947 p.
2191 2906 2229 2940 ι.

271 2969 282 2987 .
328 2970 340 2983 .
518 2986 532 2996 ⁶
597 2966 610 2986 0
666 2968 676 2982 .
