2473 3380
167 149 265 198 204
888 129 1138 185 DISSER
1148 130 1197 184 T
1187 128 1234 182 A
1240 126 1354 183 Tlo
1388 127 1631 190 PRIMA,

166 245 392 310 prolatum
419 239 564 301 fuerit,
584 259 675 305 quo
694 244 913 292 Saxonum
931 243 1297 302 Islandorumque
1316 235 1355 304 b
1371 276 1382 298 ‚
1406 241 1621 290 incertum
1640 239 1716 292 est.
1751 240 1800 304 *)
1867 243 2042 292 Priores
2062 241 2223 305 duplex
2240 240 2290 292 th
2309 242 2383 291 ha-

169 315 326 368 buere,
357 310 568 368 alterum,
603 310 656 357 de
677 327 768 372 quo
788 311 952 357 mentio
971 310 1060 370 jam
1078 306 1192 355 facia
1211 306 1294 366 est,
1327 307 1513 354 alterum
1538 309 1573 356 d
1589 308 1922 370 Longobardico
1951 309 2113 367 simile,
2148 326 2251 356 cum
2272 310 2387 357 linea

170 393 341 443 partem
357 373 632 439 superiorem
648 375 917 424 transversim
937 372 1115 422 secante.
1181 373 1296 421 Illud
1315 371 1486 420 sibilans
1505 370 1654 432 fuisse,
1687 374 1775 421 hoc
1792 391 1896 423 vero
1913 393 2002 424 non
2020 378 2126 424 item
2140 413 2153 434 ,
2186 373 2286 423 sunt
2307 377 2388 439 qui

173 441 359 497 tradant.
394 460 437 492 v.
466 441 752 508 alphabetum
775 442 1080 499 Saxonicum,
1112 438 1344 502 praefixum
1368 442 1510 488 Tom.
1529 443 1564 491 I.
1590 441 1882 490 conciliorum
1908 442 2190 508 Spelmanni.
2258 444 2388 488 Utra-

173 527 259 573 que
282 507 420 571 figura
439 509 619 555 Islandis
646 509 756 555 olim
784 522 887 555 nota
913 504 1026 564 fuit,
1059 522 1109 555 ut
1136 524 1209 554 me
1237 507 1363 553 docet
1385 506 1637 555 Snorrom's
1658 505 1946 573 Sturloelbnii
1965 509 2285 575 Liodgreinir‚
2318 505 2392 555 seu

175 578 332 624 ultima
351 572 503 625 Eddae
521 590 646 635 pam,
678 592 813 635 quam
833 571 1171 636 manuscriptam
1197 570 1333 620 servat
1358 571 1624 620 bibliotheca
1641 571 1916 637 UpsalienfiS.
1985 574 2316 636 Westrogothos
2344 573 2391 619 in

174 640 388 703 Hispania
409 640 600 687 Gothica
619 657 798 701 quoque
823 640 906 687 hac
933 639 1075 687 littera
1095 638 1194 687 usos
1222 636 1372 697 fuisse,
1406 656 1455 686 cx
1480 640 1673 701 antiquis·
1700 642 1901 688 numeris
1927 640 2101 687 evidens
2127 639 2235 697 effe,
2266 640 2394 687 docet

176 709 284 762 Nic.
304 705 533 771 Kedefrw,
567 708 614 752 in
632 709 718 755 Tr.
739 707 792 753 de
818 709 965 756 Runis
982 710 1028 756 in
1045 711 1240 755 nummis
1260 708 1449 775 vetustis.

310 777 331 820 I
349 775 598 836 exprimens
617 772 882 821 Ebraeorum
907 781 918 803 ’
949 774 992 821 &
1009 772 1136 821 fimul
1155 772 1350 821 vocalem
1378 785 1620 834 cognatam,
1641 771 1831 834 duplicis
1849 771 1969 834 apud
1991 769 2296 833 Moesogothos
2323 786 2396 833 ge-

178 836 291 893 neris
311 837 384 892 est.
451 841 575 886 Dum
597 841 716 887 enim
733 837 942 904 syllabam
965 840 1166 899 inchoat,
1199 840 1289 887 duo
1318 836 1501 901 superne
1529 836 1692 900 punPta
1719 841 1853 902 gerit,
1884 837 2000 886 secus
2025 837 2057 885 fi
2086 840 2132 884 in
2160 838 2308 885 medio
2328 836 2395 883 vel

178 906 262 954 fine
282 908 374 953 eius
401 904 708 970 conspiciatur.
766 904 1062 954 Observarunt
1091 921 1250 969 praeter
1278 905 1477 972 Juuium
1501 905 1621 951 haud
1651 907 1783 967 pauci
1810 905 2113 960 eruditorum,
2147 906 2193 951 in
2220 900 2398 950 vetustis

180 968 448 1020 Graecorum'
465 971 693 1019 codicibus
715 971 834 1019 idem
855 970 1084 1020 discrimen
1102 972 1501 1038 orthographicum
1521 988 1773 1020 occurreret
1809 973 1950 1017 immo
1972 971 2073 1017 inde
2094 967 2278 1017 fortaffis
2299 966 2396 1027 esse,

181 1038 303 1098 quod
321 1037 601 1095 assuevimus,
631 1036 849 1099 pungiulo
867 1040 1053 1085 latinum
1070 1042 1091 1085 I
1108 1055 1283 1095 notare,
1319 1037 1442 1099 quod
1461 1055 1484 1084 a
1503 1054 1629 1085 more
1643 1039 1808 1084 *veteris
1830 1039 1943 1085 Latii
1969 1038 2073 1085 alias
2095 1035 2319 1084 abhorret.
2351 1051 2396 1084 v·

181 1102 396 1154 Nouveau
428 1103 478 1151 T
467 1108 588 1150 ruite
603 1103 656 1150 de
674 1104 1039 1168 Diplomatique‚
1073 1107 1131 1149 T.
1152 1107 1187 1152 Ι.
1209 1122 1254 1165 p.
1283 1108 1361 1160 69.

316 1173 354 1215 K
376 1168 628 1229 aequipollet
654 1167 811 1215 Ebraeo
830 1189 865 1221 2.
884 1187 920 1218 e.
941 1187 985 1230 g.
1004 1168 1244 1226 Καὶιίνοη,
1276 1172 1469 1226 kaurns,
1502 1165 1796 1217 frumentum,
1831 1167 1988 1218 Sueth.
2015 1167 2058 1215 ὅτ
2083 1168 2239 1216 Germ.
2268 1167 2398 1216 korn·

318 1237 373 1282 L.
393 1237 462 1281 M.
483 1238 546 1281 N.
580 1250 630 1280 ut
650 1236 694 1280 in
715 1235 922 1283 omnibus
942 1236 1103 1296 linguis
1121 1234 1202 1282 fibi
1227 1234 1441 1293 constant,
1473 1236 1533 1280 ita
1549 1235 1648 1280 heic
1667 1236 1918 1295 exprimunt
1955 1237 1991 1288 ¹7l
2015 1256 2046 1288 n
2068 1236 2110 1281 δε
2129 1257 2156 1288 2·

314 1304 342 1365 J
362 1300 567 1359 eandem,
600 1298 734 1348 fallor
749 1318 830 1358 an,
866 1302 1060 1349 indolem
1078 1301 1257 1360 habuit,
1292 1319 1425 1362 quam
1441 1316 1477 1367 g
1496 1300 1538 1347 ἃ
1560 1301 1587 1364 j
1615 1302 1660 1346 in
1686 1301 1835 1361 lingua
1853 1301 2023 1358 Italica,
2056 1301 2225 1348 Gallica
2253 1300 2295 1347 &
2312 1304 2402 1347 An·

187 1368 319 1431 glica,
351 1382 401 1413 ut
416 1385 576 1429 nempe
596 1367 733 1414 modo
752 1366 883 1415 instar
901 1368 989 1432 Jod
1016 1368 1255 1414 latinorum
1273 1367 1458 1430 simplici
1477 1368 1566 1414 oris
1595 1383 1794 1429 apertura
1821 1367 2045 1428 prolatum
2072 1364 2226 1424 fuerit,
2259 1366 2402 1414 modo

187 1435 387 1482 dentium
406 1436 518 1480 inter
535 1435 912 1495 pronuntiandum
934 1432 1056 1497 septo
1077 1434 1327 1496 indiguerit,
1393 1435 1519 1481 Prius
1541 1434 1640 1479 inde
1660 1434 1832 1488 iudico,
1863 1434 1985 1492 quod
2004 1436 2048 1479 in
2078 1434 2233 1480 ordine
2260 1448 2404 1495 gratn-

188 1503 353 1550 matico
379 1500 423 1547 &
449 1501 726 1547 arithmetico
752 1499 902 1547 locum
920 1516 1092 1547 tueatur
1108 1501 1211 1547 hinc
1230 1521 1255 1553 n
1280 1502 1381 1548 inde
1398 1500 1431 1547 ξ·
1464 1497 1548 1550 Th.
1567 1497 1897 1564 Mhrqschallus
1926 1516 2108 1559 quoque
2135 1501 2180 1545 in
2207 1503 2324 1547 notis
2340 1496 2407 1548 ad

188 1567 418 1634 evangelia
435 1566 588 1633 Angla
609 1565 840 1617 Saxonica
863 1584 908 1629 p.
933 1582 1056 1629 424,
1090 1569 1185 1614 eius
1206 1566 1362 1614 sonum
1388 1564 1516 1613 fuisse
1541 1565 1697 1623 credit,
1730 1566 1868 1625 qualis
1895 1564 1955 1611 est
1974 1563 2164 1626 Hispani
2180 1566 2210 1628 j
2235 1567 2278 1611 in
2297 1563 2405 1630 bijo,

189 1632 309 1681 filius
321 1671 337 1691 „
368 1632 611 1696 &insuper
628 1632 858 1692 admonet,
890 1634 934 1680 in
958 1634 1110 1680 eadem
1136 1633 1285 1695 lingua
1301 1632 1539 1695 Hispanica
1557 1649 1687 1691 quam
1718 1632 1909 1692 plurima
1937 1629 2019 1677 effe
2046 1630 2255 1678 vocabula
2282 1629 2337 1678 ab
2365 1646 2405 1680 x

192 1695 470 1763 incipientia,
505 1703 600 1760 quae
619 1717 700 1762 per
707 1718 734 1765 J
755 1696 1052 1762 communiter
1070 1698 1328 1756 scribantur,
1363 1700 1485 1759 quod
1505 1699 1873 1760 pronuntiationis
1891 1713 2028 1758 genus
2045 1714 2070 1744 a
2089 1697 2266 1755 Gothis,
2296 1696 2405 1747 dum

194 1767 260 1814 ibi
275 1770 424 1813 rerum
445 1763 747 1828 potiebantur,
782 1764 1131 1827 proseminatum
1152 1765 1396 1827 arbitratur.
1439 1763 1443 1766 ⁴
1465 1764 1511 1811 Si
1532 1767 1660 1810 etiam
1680 1780 1834 1810 verum
1855 1760 2013 1821 fuerit,
2048 1763 2168 1823 quod
2196 1766 2294 1810 viro
2313 1765 2405 1811 cui·

197 1833 300 1879 dam
326 1831 500 1879 erudito
528 1833 574 1878 in
600 1846 791 1878 mentem
817 1832 959 1893 venit,
991 1831 1103 1878 illud
1125 1828 1316 1897 gahajo,
1352 1827 1474 1890 quod
1496 1833 1605 1881 Luc.
1635 1844 1672 1886 Ι,
1695 1836 1742 1877 6.
1771 1830 1987 1886 occurrit,
2018 1846 2209 1890 graecum
2228 1826 2310 1877 esse
2328 1844 2407 1876 vo·

196 1896 428 1955 cabuium,
461 1900 604 1958 iisque
623 1897 1001 1945 annumerandum
1016 1934 1027 1955 ,
1061 1914 1158 1957 quae
1179 1915 1228 1943 ex
1250 1896 1434 1943 Hellade
1454 1897 1585 1943 accita
1614 1897 1782 1942 civitate
1803 1893 1875 1942 sua
1903 1895 2081 1941 donavit
2099 1896 2308 1952 Gothica,
2342 1892 2406 1943 fa-

195 1961 558 2021 'cile'dixerimuQ
593 1962 665 2010 ἒξῐς
689 1964 731 2010 &
751 1960 852 2026 bajo
880 1962 948 2009 vel
971 1961 1154 2029 gahaj0‚
1175 1962 1262 2010 sola
1279 1963 1441 2022 cuique
1469 1963 1628 2023 linguae
1659 1962 1845 2023 propria
1872 1961 2179 2007 terminatione
2205 1959 2403 2013 differre.

193 2023 404 2091 Nikcerte
422 2029 543 2091 penu
561 2032 612 2077 L.
635 2029 836 2076 Gothicae
852 2027 1076 2083 residuum
1099 2028 1248 2087 habet,
1284 2029 1405 2088 quod
1425 2027 1583 2074 natales
1603 2027 1733 2074 huius
1753 2028 1872 2092 vocis
1884 2021 2057 2093 gahajo
2078 2024 2274 2077 illustret,
2317 2028 2406 2075 Ad·

195 2089 417 2160 doldlzjan‘
436 2097 481 2142 in
502 2098 554 2145 L.
573 2092 902 2157 Mcesogothica
925 2095 1043 2142 idem
1061 2093 1143 2142 esse
1165 2112 1216 2142 ac
1242 2093 1504 2151 existimare,
1534 2108 1702 2155 putare.
1737 2091 1914 2143 Manli.
1940 2107 2014 2151 10,
2031 2107 2113 2154 40.
2179 2094 2282 2140 Hoc
2300 2110 2405 2142 vero

193 2161 223 2213 fi
239 2162 386 2226 axjan
404 2162 665 2224 pronunties
678 2193 692 2217 ,
723 2159 927 2223 agnosces
957 2155 1085 2210 2'31510,
1122 2162 1242 2222 quod
1261 2162 1441 2208 eandem
1460 2158 1816 2221 significationem
1836 2158 1983 2209 habet.
2051 2161 2161 2205 Haec
2179 2174 2406 2221 utcunque

194 2226 378 2285 fuerint,
413 2243 581 2288 certum
601 2243 746 2274 tamen
763 2225 844 2285 est,
871 2225 899 2291 j
917 2224 1162 2275 Gothicum
1184 2231 1228 2274 in
1247 2228 1396 2277 multis
1426 2242 1593 2273 tantum
1623 2242 1713 2271 non
1734 2224 1976 2287 simplicem
2004 2223 2130 2271 illum
2157 2222 2314 2273 sonum
2331 2227 2406 2274 ha·

193 2293 353 2352 buisse,
388 2311 523 2354 quem
543 2294 698 2343 damus
719 2290 769 2342 ‘143
788 2293 864 2352 iod
882 2294 1037 2342 latino.
1107 2293 1351 2340 Ostendunt
1381 2292 1427 2340 id
1454 2294 1634 2339 nomina
1664 2292 1781 2338 varia
1806 2293 2012 2353 propria,
2047 2307 2124 2337 nec
2150 2307 2238 2338 non
2259 2295 2406 2340 termi-

196 2363 315 2411 natio
343 2360 582 2408 verborum
610 2361 654 2407 in
669 2361 779 2424 jan,
812 2377 849 2409 e.
871 2377 912 2421 g.
934 2356 1120 2424 saleim,
1155 2360 1373 2424 timrjan,
1413 2375 1511 2419 quae
1539 2356 1659 2419 apud
1679 2357 1822 2418 Anglo
1840 2359 2024 2403 Saxones
2055 2357 2101 2402 in
2125 2359 2203 2404 ian
2228 2374 2406 2407 exeunt:

196 2444 288 2489 quo
307 2427 491 2484 accedit,
524 2425 644 2486 quod
654 2427 683 2490 j
699 2443 800 2474 cum
820 2431 837 2475 i
855 2426 898 2473 δι
910 2442 947 2492 g
964 2422 1216 2486 frequenter
1232 2428 1425 2472 alternet.
1495 2427 1558 2470 Ita
1586 2421 1834 2483 promiscue
1862 2420 2066 2469 scribitur
2083 2422 2227 2472 ludar
2245 2424 2288 2472 &
2305 2423 2406 2491 Ju-

197 2495 307 2551 das,
323 2490 529 2558 samjan
541 2528 552 2549 ,
583 2493 752 2552 dolere,
787 2493 830 2539 <St
839 2492 1066 2562 sinergan.
1134 2493 1218 2539 Sed
1235 2489 1558 2552 aliquantillum
1576 2503 1720 2534 tamen
1737 2486 1908 2549 semper
1926 2489 2037 2533 inter
2055 2488 2146 2535 haec
2164 2489 2254 2537 duo
2275 2492 2406 2539 inter-

197 2558 349 2617 fuisse,
382 2557 550 2614 nescio,
581 2575 729 2604 annon
748 2559 848 2606 inde
869 2558 1126 2605 concludere
1142 2558 1293 2613 liceat,
1325 2555 1446 2617 quod
1466 2554 1681 2601 interdum
1702 2555 1747 2599 in
1766 2555 1915 2600 eadem
1944 2551 2107 2617 syllaba
2135 2552 2278 2602 iunfla
2302 2575 2403 2605 con-

197 2623 444 2689 spiciantur.
505 2624 738 2685 Gajiukan
760 2643 795 2677 e,
814 2642 849 2671 c.
873 2622 1002 2671 suum
1021 2628 1037 2672 i
1055 2621 1180 2671 facile
1198 2622 1420 2680 omisisset,
1452 2619 1484 2667 fi
1503 2637 1527 2666 a
1544 2619 1822 2681 praecedentis
1842 2620 1991 2667 litterae
2002 2620 2030 2685 j
2047 2617 2155 2669 sono
2171 2621 2234 2668 nil
2252 2621 2406 2674 disere?

197 2689 342 2755 passet.
411 2691 494 2738 Sed
513 2689 753 2741 constanter
769 2693 827 2739 ita
847 2689 1049 2739 scribitur
1068 2705 1156 2738 tam
1177 2693 1224 2738 in
1243 2691 1391 2738 codice
1408 2686 1802 2750 Guelpherbytano
1813 2722 1824 2744 ‚
1855 2703 1988 2746 quam
2007 2702 2223 2751 argenteo,

2355 2757 2405 2803 U

248 2851 294 2902 *)
320 2850 437 2903 Qtod
455 2850 689 2890 vetustiffimi
706 2853 924 2890 Gr-aecorum
943 2858 976 2888 Θ
996 2863 1088 2889 cum
1108 2847 1278 2902 quodam
1294 2847 1400 2888 fibilo
1416 2847 1660 2900 protulerint,
1689 2845 1826 2886 exinde
1843 2844 2014 2899 suspicari
2031 2846 2138 2893 licet,
2165 2845 2271 2897 quod
2287 2845 2403 2901 scrip-

304 2901 416 2941 serint
433 2901 512 2945 Σεδς
537 2917 605 2956 pro
623 2899 728 2952 Θεδς,
754 2899 959 2950 Σεᾶπομπος
988 2916 1056 2956 pro
1085 2898 1310 2950 Θεόπομπος.
1335 2916 1370 2941 ν.
1396 2901 1571 2940 Nouveau
1595 2901 1721 2940 Traite
1740 2899 1782 2938 de
1796 2899 2059 2951 Dilolomatique
2080 2901 2186 2938 Tom
2203 2900 2232 2940 1.
2252 2913 2290 2954 p.
2309 2900 2399 2952 624.

304 2955 341 2995 ἃ
359 2954 614 3012 inscriptiones
634 2956 839 2999 Laconicas
853 2958 897 2998 in
914 2955 1104 2998 Memoires
1120 2955 1159 2996 de
1173 2954 1382 2998 I’Academie
1397 2953 1452 2995 des
1469 2952 1685 3008 inscriptions
1704 2951 1781 2999 Εἷς.
1816 2953 1916 2995 Tom.
1936 2951 2033 2996 XV·⁴
2049 2953 2087 3005 p·
2110 2961 2201 3004 399·
