2473 3380
168 88 234 132 70
377 64 759 121 lr-'ACHTERI
790 61 1105 114 DJSSERT:
1149 60 1254 111 DE
1288 55 1569 137 LINGUA
1604 54 1760 110 coo,
1780 58 2188 118 r,aim{3127127:ritca

173 196 340 230 tantum
360 196 576 226 annorum
597 192 849 231 numerum,
868 174 1019 235 lingua
1035 169 1131 218 sues
1152 174 1263 218 vices
1293 167 1486 219 subierit,
1555 171 1758 216 Tandem
1783 169 2000 230 adfertur,
2035 175 2302 236 Suiogothos
2323 179 2389 223 uti

172 245 341 308 pstffivis
362 248 465 291 citra
484 244 667 290 verbum
687 241 869 300 aliquod
888 239 1118 292 auxiliare,
1152 240 1198 282 in
1217 234 1361 283 codice
1378 251 1483 280 vero
1509 249 1613 300 arg.
1633 237 1782 282 eadem
1813 255 1893 298 per
1917 238 2147 288 wairthan
2173 243 2215 288 ὃ(
2242 242 2389 305 wastin

173 311 357 368 <seirius
377 308 534 373 wg'fizn)
562 306 870 355 circumscribi.
940 303 1027 351 Sed
1057 320 1110 350 eo
1134 316 1395 363 argumento
1425 297 1524 347 usus
1552 315 1642 345 non
1665 298 1811 347 fuiss'et
1833 305 2099 369 Magnaeus,
2135 306 2165 353 fi
2192 308 2389 364 noviss'et,

172 378 368 426 formam
387 373 589 436 paffivam
609 375 761 433 utique
780 369 974 417 habuiffe
998 365 1332 429 Moesogoth05‚
1366 366 1409 412 ὅ(
1433 382 1518 411 una
1538 381 1641 411 cum
1671 365 1756 410 illis
1783 371 1972 414 maiores
1999 371 2192 431 nostros,
2227 390 2388 433 eosque

174 444 287 491 solos
306 443 507 489 omnium
530 442 726 501 gentium
746 437 957 499 Scythicae
979 435 1180 495 originiS.
1249 431 1438 478 Evidens
1461 431 1572 491 illud
1591 433 1674 477 erit
1700 430 1939 478 consulenti
1959 439 2216 498 paradigma
2234 426 2389 485 verbo-

179 527 308 569 rum,
344 509 465 569 quod
494 507 695 552 dedimus
725 506 770 549 in
790 500 1073 565 fragmentis
1103 494 1383 564 Ulphilanis.
1452 500 1549 558 Ego
1573 513 1703 551 vero,
1735 498 1813 556 qui
1840 495 1963 544 hasce
1990 500 2194 548 dialefiios
2222 505 2336 550 inter
2351 502 2392 551 se

177 572 365 622 studiose
387 573 576 628 contuli,
611 573 798 630 ingenue
817 566 1044 629 profiteor,
1070 565 1234 612 nullam
1255 580 1406 610 earum
1427 561 1520 618 esse,
1549 579 1647 622 quae
1666 564 1880 609 maiorem
1899 565 1941 610 ἃ
1962 567 2272 614 evidentiorem
2290 586 2394 616 cum

179 641 552 701 Moesogothismo
573 635 825 684 affinitatem
847 632 1031 695 prodat,
1064 648 1197 691 quam
1217 631 1367 691 lingua
1394 629 1682 676 Scandinaviae
1704 628 1874 679 nostrae.
1944 631 2151 679 Vidimus
2171 631 2394 694 superiore

177 705 497 762 observatione,
533 719 642 762 quot
659 700 814 759 verba,
844 715 942 759 quae
960 716 1046 760 pro
1080 696 1317 745 barbaricis
1343 695 1495 743 habuit
1516 694 1817 753 lVaclzterus,
1846 713 2031 757 quaeque
2057 714 2163 744 cum
2190 700 2393 747 Aleman-

178 776 272 820 nica
293 775 345 820 L.
372 773 434 818 nil
455 769 611 816 habere
632 767 886 831 commercii
906 761 1123 827 professus
1143 762 1223 819 est,
1258 779 1378 809 mere
1399 763 1589 809 Gothica
1609 761 1703 810 sint.
1771 763 1907 826 Qod
1933 764 1987 809 de
2008 764 2189 810 vocibus
2209 763 2396 827 singula-

178 840 303 886 ribus
323 838 512 884 diximus
527 872 538 891 ‚
575 836 628 881 de
648 833 831 880 flexione
854 849 1013 878 vocum
1032 832 1074 877 ἃ
1098 831 1380 892 grammatica
1398 826 1717 875 coustruffione
1738 829 1899 886 valere,
1933 827 2059 876 facile
2086 831 2216 876 etiam
2234 830 2396 891 proba-

179 922 230 954 tu
250 902 379 952 foret.
447 902 518 950 Sic
537 917 772 949 numerum
791 899 1113 961 pronominum
1134 895 1455 954 verborumque
1475 895 1648 941 dualem
1670 894 1829 941 habent
1847 895 1989 941 Gothi
2008 898 2163 942 exteri:
2199 895 2333 943 nostri
2351 897 2395 945 δε

180 971 530 1033 Anglo-Saxones
553 967 742 1014 eundem
759 963 980 1012 servarunt
1003 965 1047 1009 in
1065 960 1168 1009 solis
1196 960 1569 1023 pronominibus,
1603 961 1832 1007 Alemanni
1863 977 1965 1008 vero
1996 963 2253 1023 ignorarunt
2274 964 2397 1024 peni·

183 1053 269 1086 tus.
335 1034 594 1083 Notabilem
614 1031 912 1081 Gothismum
933 1028 1061 1090 supra
1081 1047 1128 1090 p.
1156 1045 1172 1075 1
1189 1036 1262 1088 58,
1290 1026 1626 1086 illustravimus,
1656 1044 1788 1086 quem
1808 1044 1911 1073 cum
1935 1027 2087 1075 Mcefia
2105 1029 2260 1074 incolis
2279 1045 2397 1074 com-

187 1120 368 1151 munem
384 1100 574 1148 habuere
595 1100 785 1146 maiores
805 1095 954 1151 nostri,
976 1097 1017 1141 ὅτ
1038 1096 1149 1140 nulli
1165 1109 1388 1155 praeterea.
1456 1096 1569 1138 Non
1588 1095 1733 1139 minus
1754 1091 1962 1153 singulare
1982 1092 2053 1149 est,
2083 1094 2204 1153 quod
2221 1096 2267 1140 in
2286 1110 2399 1140 utra-

189 1187 275 1232 que
297 1169 443 1229 lingua
462 1163 785 1226 Moesogothica
808 1162 849 1209 (St
867 1161 1078 1207 Islandica
1096 1175 1259 1206 nomen
1275 1160 1381 1216 Dei,
1420 1155 1576 1207 Guths
1593 1160 1636 1205 ἃ
1659 1158 1773 1206 Gud
1791 1156 2018 1205 masculini
2038 1160 2206 1222 generis
2227 1158 2299 1217 est,
2318 1159 2399 1206 ubi

188 1230 292 1283 vero
311 1235 364 1281 de
382 1233 519 1280 Idolis
541 1232 608 1278 vel
628 1231 753 1287 Diis,
783 1228 1032 1289 improprie
1060 1228 1119 1272 ita
1147 1223 1298 1281 diffis,
1328 1227 1496 1285 generis
1524 1226 1739 1280 nemrim,
1776 1223 1906 1278 God,
1943 1224 2104 1272 Guda.
2171 1227 2241 1270 Sic
2267 1227 2398 1270 etiam

189 1300 414 1350 observare
433 1300 546 1355 licet,
558 1299 737 1344 nomina
756 1294 1051 1342 numeralibus
1072 1289 1230 1347 iunEia,
1242 1286 1387 1337 casum
1407 1289 1588 1336 suorum
1604 1290 1840 1335 verborum
1857 1286 2067 1334 assumere
2087 1306 2225 1349 usque
2244 1291 2300 1336 ad
2319 1304 2399 1348 20,

188 1366 288 1431 post
309 1368 400 1413 haec
420 1382 523 1412 vero
550 1366 594 1410 in
623 1378 807 1422 utraque
834 1361 981 1420 lingua
1010 1375 1173 1405 nomen
1201 1355 1372 1417 semper
1400 1357 1443 1401 in
1472 1356 1606 1416 genit.
1636 1354 1801 1415 plurali
1827 1355 1952 1414 poni.
1982 1371 2021 1403 e.
2039 1371 2079 1415 g.
2093 1352 2220 1423 fimf
2232 1359 2403 1415 vairos,

188 1436 384 1494 quinque
403 1433 508 1487 viri,
544 1428 746 1496 scdfimf
755 1425 907 1479 hunda
928 1430 1080 1482 vaire,
1115 1423 1343 1484 quingenti
1361 1423 1465 1467 viri:
1496 1420 1653 1467 eodem
1673 1420 1810 1466 modo
1830 1419 2124 1479 loquebantur
2140 1423 2270 1469 etiam
2289 1438 2402 1470 vete-

188 1519 254 1547 res
274 1499 564 1546 scandinaviae
584 1492 856 1556 incolae,fem
873 1508 1014 1549 menn,
1033 1487 1184 1554 &fem
1204 1486 1421 1536 nundrad
1436 1502 1620 1535 manna.
1688 1486 1817 1531 Plura
1834 1486 2050 1532 eiusmodi
2071 1503 2316 1549 congerere,
2334 1485 2403 1536 fa-

190 1568 271 1612 cile
293 1563 424 1613 foret.
466 1562 602 1626 Qod
623 1562 678 1607 ad
694 1560 841 1609 haban
862 1560 968 1607 illud
985 1596 995 1615 ‚
1031 1575 1120 1617 quo
1142 1572 1292 1602 omnes
1311 1550 1480 1599 dialeffi
1502 1552 1701 1599 Gothicae
1717 1551 1851 1598 hodie
1867 1568 2050 1598 utuntur
2067 1571 2152 1614 pro
2172 1554 2308 1601 verbo
2328 1571 2403 1602 au·
2459 1584 2466 1590 ι

192 1632 332 1679 xiiiari
346 1669 357 1688 ‚
391 1630 513 1690 quod
533 1645 635 1675 vero
659 1630 828 1689 ignorat
847 1624 1187 1686 Moesogothica‚
1222 1619 1445 1667 sciendum
1467 1618 1548 1675 est,
1579 1632 1736 1679 praeter
1757 1631 1958 1678 tempora
1979 1617 2220 1679 praesensr&
2242 1622 2402 1681 imper—

194 1696 387 1754 festum‚
422 1696 503 1741 alia
522 1713 609 1741 non
630 1691 847 1754 agnovisse
866 1692 1076 1755 Scythicae
1094 1685 1309 1751 prosapiae
1327 1700 1491 1747 gentes:
1528 1684 1649 1744 quod
1676 1701 1780 1730 vero
1807 1683 1859 1730 ab
1887 1685 2095 1732 omnibus
2116 1686 2272 1731 deinde
2291 1700 2401 1732 tem·

193 1782 277 1826 pus
302 1760 548 1824 perfestum
578 1761 619 1805 ὃς
647 1754 1134 1820 ρ1υεςιιειτιρενῗεᾶυω
1161 1754 1417 1813 adoptatum
1453 1748 1608 1807 fuerit,
1641 1767 1720 1811 per
1747 1748 1895 1798 haban
1921 1749 2323 1812 circumscriptum,
2355 1750 2403 1798 id

196 1845 272 1876 aut
290 1828 444 1884 fallor,
473 1842 544 1872 aut
564 1825 778 1872 veteri-bus
799 1823 1119 1885 glossographis
1133 1859 1145 1878 ‚
1173 1820 1240 1865 vel
1259 1815 1567 1878 ludimagistris
1591 1816 1793 1872 debetur,
1827 1818 1903 1875 qui
1922 1814 2210 1864 differentiam
2229 1833 2403 1878 tempo-

196 1913 298 1942 rum
319 1895 557 1940 latinorum
579 1890 914 1949 quodammodo-
932 1887 1164 1949 expressuri
1180 1923 1190 1942 ,
1224 1886 1310 1929 hoc
1330 1882 1598 1928 adminiculo
1616 1880 1657 1926 se
1675 1883 1876 1941 expedire
1897 1884 2144 1929 voluerunt.
2212 1885 2405 1943 Oportet

199 1979 326 2018 vero,
362 1960 446 2006 hoc
472 1957 814 2003 additamentum
840 1953 960 1998 haud
981 1955 1057 1997 diu
1080 1950 1178 2012 post
1205 1948 1410 2013 Ulplzilae
1436 1964 1575 1993 aevum
1604 1946 1837 1992 affumtum
1865 1943 2013 2001 fuiss'e,
2045 1962 2157 1993 certe
2183 1963 2281 1994 ante
2309 1950 2409 1994 uni-

198 2025 446 2073 versaliores
469 2022 667 2084 gentium
687 2019 987 2082 Scythicarum
1011 2017 1278 2077 irruptiones
1300 2017 1346 2060 in
1363 2014 1543 2067 Italiam,
1567 2012 1756 2059 Galliam
1776 2011 1816 2058 ἃ
1834 2010 2112 2072 Hispaniam⁴
2181 2014 2233 2059 In
2254 2030 2412 2060 omnes

198 2094 317 2140 enim
335 2092 459 2137 hasce
479 2089 676 2148 regiones
695 2084 822 2131 verba
847 2084 921 2129 illa
939 2085 1158 2128 auxiliaria
1179 2080 1454 2127 introduxisse
1474 2079 1696 2132 videntur,
1732 2093 1885 2138 utpote
1907 2095 2004 2137 quae
2032 2095 2109 2124 nec
2136 2096 2161 2124 a
2179 2081 2407 2134 Romanis,

202 2175 278 2204 nec
295 2175 318 2204 a
338 2157 471 2203 Celtis
489 2154 769 2213 adoptavere,
804 2148 876 2196 sed
904 2164 952 2194 ut
973 2150 1109 2194 multa
1137 2149 1219 2196 alia
1245 2165 1267 2192 a
1289 2147 1473 2201 Gothis,
1510 2144 1834 2206 Longobardis,
1869 2146 2044 2190 Francis
2074 2145 2309 2203 ceterisque
2338 2161 2410 2192 co-

204 2239 340 2285 gnatae
362 2222 543 2281 originis
565 2218 786 2279 gentibus,
853 2216 1042 2277 Quando
1066 2213 1263 2260 observat
1286 2212 1585 2267 witmarus,
1619 2210 1736 2256 idem
1757 2211 1841 2256 hoc
1860 2207 2009 2257 haban
2038 2207 2271 2256 formando
2290 2208 2414 2257 futu·

204 2307 256 2337 ro
283 2288 500 2335 interdum
523 2282 746 2331 instrvire:
781 2300 818 2330 e.
835 2299 874 2342 g.
895 2276 1009 2346 Joh.
1031 2285 1075 2336 6,
1096 2295 1176 2341 71·
1222 2281 1323 2327 Saez
1344 2277 1542 2327 habaida
1564 2282 1639 2324 ina
1655 2278 1891 2341 galevjan,
1926 2277 2002 2335 qui
2032 2273 2178 2336 ipsum
2207 2276 2411 2336 proditu.

204 2372 279 2402 rus
301 2371 410 2401 erat:
446 2369 534 2398 non
555 2351 629 2396 abs
648 2367 691 2395 re
710 2351 812 2405 erit,
849 2349 1063 2404 indicare„
1093 2349 1223 2393 eti-am
1243 2347 1329 2391 hoc
1347 2347 1392 2390 in
1414 2347 1460 2389 L.
1481 2342 1623 2388 nostra
1646 2345 1785 2403 patria
1808 2342 2019 2388 obtinere.
2065 2343 2268 2387 Dicimus
2287 2343 2413 2389 enim

207 2420 404 2481 quotidie
425 2421 510 2466 han
538 2415 628 2464 bar
653 2428 698 2463 az
734 2413 900 2477 mmfzi,
936 2415 1006 2459 ille
1035 2414 1232 2473 accipiet,
1301 2410 1436 2471 Quod
1463 2411 1592 2454 etiam
1614 2412 1666 2456 L.
1685 2407 2057 2467 Anglo-Saxonica
2079 2405 2410 2467 Moesogothicae

205 2486 370 2534 sororia
390 2485 462 2543 sit,
500 2501 587 2530 non
609 2481 810 2541 negass'et,
847 2480 977 2526 credo
990 2516 1003 2537 ‚
1043 2474 1337 2533 ssff’czchrerus,
1365 2475 1394 2522 fi
1414 2491 1505 2534 quo
1524 2490 1723 2533 tempore
1745 2473 1855 2518 hanc
1877 2471 2210 2517 differtatiouem
2233 2470 2417 2533 scripsit,

204 2554 379 2617 (1723)
398 2554 624 2609 utriusque
646 2549 1171 2612 linguaegrnmmaeicam
1189 2544 1243 2590 ab
1266 2542 1460 2605 Hickrfio
1484 2541 1641 2586 editam
1663 2536 1842 2584 vidisset.
1916 2541 2068 2595 Quum
2089 2539 2217 2598 plura
2243 2540 2329 2585 huc
2347 2535 2412 2586 fa·-

338 2620 493 2667 cientia
513 2618 557 2662 in
578 2612 884 2667 dissertatione,
923 2629 1017 2671 quse
1038 2611 1114 2657 sub
1134 2627 1235 2656 meo
1256 2607 1454 2671 praesidio
1476 2607 1527 2651 ad
1554 2608 1662 2649 hane
1686 2604 1957 2649 academiam
1976 2603 2027 2649 de
2047 2606 2101 2651 L,
2120 2603 2281 2655 codicis

504 2684 711 2748 argentei
731 2695 827 2726 ante
849 2680 1016 2739 aliquot
1033 2694 1170 2725 annos
1188 2677 1298 2722 edita
1314 2674 1415 2786 fest,
1443 2669 1846 2728 subministrentur,
1880 2667 1993 2718 hisce
2011 2686 2107 2718 mo-

1184 2745 1292 2788 dum
1329 2742 1451 2788 acio.—

1021 2839 1642 2890 &wiff-
