2473 3380
951 134 1016 223 M
1044 173 1094 225 A
1128 175 1171 226 R
1203 170 1318 226 cz.
1416 138 1520 231 ‘m
2248 197 2306 244 κς

108 280 217 330 ibid.
252 279 356 326 thau
380 278 515 326 thizai
545 278 686 340 baurg
704 279 880 344 jainai.
913 282 978 348 x)
1253 285 1370 336 lbid.
1403 290 1549 352 Quam
1570 286 1669 336 urbi
1692 287 1772 339 illi.

109 361 185 405 15.
220 343 377 393 thatei.
402 347 452 412 y)
489 350 545 391 St.
568 345 715 394 thatai.
1258 367 1334 413 ις’,
1373 355 1522 418 Qod.

108 414 181 459 16.
214 411 430 458 thammei
461 411 508 456 ik
533 411 717 464 haubith
746 410 990 463 afmaimait
1010 413 1171 465 iohan-
1254 427 1332 468 16.
1369 423 1452 467 Cui
1482 437 1564 482 ego
1590 420 1729 483 caput‘
1751 418 1938 479 abscidi,
1966 422 2211 486 Johannes‚
2243 426 2314 474 ille

159 493 224 526 ne.
237 476 287 540 z)
319 476 358 524 ia
395 475 460 525 ist.
480 475 574 540 sah
607 480 656 539 a)
695 482 851 529 urrais,
1312 484 1394 542 est,
1428 486 1499 532 ille
1532 485 1722 534 surrexit.

108 558 185 606 17.
246 545 292 590 in
362 543 673 591 hairodiadins·
724 549 902 607 quenais
962 544 1167 609 filippaus
1251 563 1328 611 17.
1366 555 1552 612 Propter
1573 552 1877 600 Herodiadem
1903 571 2087 602 uxorem
2106 556 2307 620 Philippi

163 608 353 658 brotbrs
373 610 423 666 b)
458 609 584 656 seinis
1308 614 1455 662 fratris
1485 616 1562 663 sui.

100 689 179 735 19.
215 677 280 722 ith
309 672 357 722 so
380 675 635 723 herodianai
661 674 784 737 swor
807 679 848 738 c)
878 679 1030 727 imma.
1245 694 1323 737 19.
1360 683 1442 727 Sed
1463 684 1683 729 Herodias
1716 684 1994 732 insidiabatur
2020 688 2075 735 ei.

101 757 178 790 20.
215 759 318 789 unte
336 740 516 790 herodis
538 743 592 802 d)
623 743 725 790 ohta
754 743 804 805 fis
836 744 1074 791 iohannen.
1244 759 1327 795 20.
1364 749 1481 809 Qia
1510 750 1712 795 Herodes
1741 751 1960 798 metuebat
1976 753 2237 815 johannem.

101 822 180 870 27.
216 807 512 872 infizndjands
540 811 583 870 c)
622 808 662 856 sa
693 809 898 855 thiudans
931 806 1163 873 spaikula-
1240 825 1318 873 27.
1352 814 1535 858 Mittens
1565 815 1654 860 Rex
1689 813 2015 877 spiculatorem.

164 888 259 926 tur.

95 939 208 990 ibid.
255 873 528 1003 afrriaimait.
548 942 604 1005 g)
635 939 697 988 St.
726 937 969 989 afmaimat.
1241 943 1355 992 Ibid.
1390 941 1600 995 Abscidit.

101 1017 183 1064 28.
216 1007 290 1072 jah
319 1003 445 1068 atgaf
466 1008 523 1053 ita
552 1003 695 1054 thizai
712 1003 765 1069 h)
791 1008 963 1070 maujai.
1192 1035 1194 1037 v
1245 1026 1324 1067 29,
1359 1013 1415 1057 Et
1443 1010 1563 1057 dedit
1592 1009 1698 1057 illud
1726 1011 1900 1074 puellae.

502 1075 614 1133 Cap.
673 1072 774 1120 VH:
1162 1087 1185 1095 ²
1650 1079 1757 1141 cap.
1793 1081 1898 1125 VII:

90 1150 146 1189 2.
168 1136 554 1190 mztlzwahanaim.
575 1141 611 1199 τ)
643 1136 699 1205 J
725 1140 767 1186 ὅ(
793 1140 866 1190 St.
896 1137 1165 1186 unthwaiha·
1242 1158 1287 1195 2,
1317 1142 1473 1195 lllotis.

164 1222 299 1253 naimo

145 1409 192 1459 x)
219 1409 367 1449 Refih'us
384 1409 524 1448 habent
542 1400 654 1453 editi,
682 1421 800 1460 quam
826 1407 901 1459 ipse
921 1407 1061 1455 codex,
1088 1410 1172 1456 cui,
1201 1420 1332 1449 contra
1349 1409 1537 1450 scribendi
1557 1412 1765 1459 rationem,
1794 1412 1847 1452 est
1861 1415 1982 1465 janai.

136 1463 191 1511 y)
217 1463 278 1501 Sic
299 1463 339 1499 B.
361 1463 394 1499 ὅ(
413 1463 451 1514 J.
469 1461 584 1498 tlzatai
607 1458 660 1499 est
678 1474 751 1499 vox
767 1460 908 1512 spuria,
937 1474 1021 1511 quae
1046 1462 1155 1501 nullo
1174 1462 1315 1502 idoneo
1341 1463 1476 1502 nititur
1494 1462 1760 1502 fundamento.
1898 1458 1915 1471 ‘⁸

146 1517 192 1566 z)
219 1515 255 1566 J.
275 1514 309 1551 3<
329 1514 382 1552 St.
402 1512 542 1552 codicis
559 1511 700 1551 assensu
726 1512 912 1560 destituti,
941 1514 1078 1565 legunt
1105 1514 1286 1562 iohannes,
1316 1529 1420 1564 eam,
1444 1517 1486 1554 n'i
1510 1515 1636 1562 fallor,
1666 1516 1716 1555 ob
1734 1515 1903 1566 cadam,
1933 1518 2040 1571 quod
2057 1533 2073 1558 s
2093 1519 2302 1564 delitescere

199 1567 242 1606 in
262 1564 433 1617 sequenti
441 1565 508 1620 Ja,
537 1566 667 1607 minus
686 1567 782 1606 recte
800 1576 1002 1619 putarunt,
1031 1577 1146 1619 atque
1162 1567 1257 1608 adeo
1274 1569 1557 1609 connexionem
1581 1568 1634 1606 n?
1647 1569 1812 1609 thammei
1826 1571 1861 1610 8<
1880 1569 1928 1609 τὲ
1942 1571 2089 1611 iohanne
2112 1573 2301 1618 abscissam

200 1619 417 1659 voluerunt.
442 1620 483 1657 Β,
506 1619 616 1659 reete.

145 1673 189 1721 a)
219 1671 405 1713 Codicem
428 1670 639 1723 sequuntur
654 1674 694 1712 Β4
719 1673 755 1713 8(
772 1674 811 1726 J.
866 1671 923 1714 At
939 1675 980 1714 St
1009 1674 1104 1726 legit
1110 1672 1202 1725 jah,
1230 1686 1281 1722 et,
1310 1673 1418 1727 quod
1439 1688 1520 1714 non
1542 1676 1721 1716 convenit
1737 1677 1838 1715 'cum
1859 1677 1924 1717 Gr.
1944 1673 2052 1719 αὐτὰ
2079 1676 2227 1731 ὅγίςθη.

142 1723 183 1777 b>
208 1727 252 1767 Β.
271 1726 323 1764 ita
354 1727 390 1778 J.
409 1726 443 1764 ὃ(
462 1726 515 1766 St.
531 1723 655 1764 ὀνοτὴν
665 1723 792 1778 seinis,
820 1726 927 1779 quod
951 1739 1057 1767 aures
1081 1740 1161 1768 non
1185 1728 1316 1768 minus
1345 1727 1472 1768 feriret
1500 1728 1698 1777 Gothicas,
1729 1742 1771 1769 ac
1791 1729 1946 1777 latinas,
1973 1730 2002 1770 fi
2018 1730 2177 1774 diceres:
2213 1734 2301 1773 Fra-

201 1790 256 1816 ter
297 1791 344 1818 ut.

143 1831 182 1881 c)
209 1777 309 1871 Ι-Ιιεζ
330 1829 382 1870 est
407 1831 576 1883 genuina
600 1830 779 1884 quidem,
808 1845 926 1884 quam
952 1833 1069 1885 probe
1097 1832 1280 1874 exhibent
1307 1833 1419 1881 editi,
1451 1833 1592 1874 codicis
1621 1834 1755 1881 leffio5
1780 1831 1842 1874 ted
1867 1835 1928 1874 illa
1957 1845 2086 1878 tamen
2110 1839 2204 1880 adeo
2223 1855 2301 1894 per-

196 1884 327 1936 plexa,
354 1894 400 1923 ut
419 1884 618 1936 quomodo
636 1883 670 1924 se
687 1885 776 1925 inde
794 1886 1035 1938 expedirent,
1062 1886 1202 1926 eruditi
1226 1901 1324 1939 aegre
1342 1889 1570 1929 invenerint.
1623 1890 1709 1927 Nos
1737 1901 1848 1935 vern,
1872 1900 1997 1940 quum
2024 1892 2077 1930 nil
2091 1892 2300 1934 dicendum

195 1936 426 1989 habeamus,
458 1938 564 1989 quod
583 1937 771 1977 indifftum
790 1937 834 1978 fit
852 1940 976 1991 prius,
1005 1939 1087 1979 satis
1104 1939 1331 1981 habebimus
1350 1939 1461 1980 verba
1479 1940 1612 1980 afferre
1632 1939 1717 1978 Edu
1747 1941 1838 1989 Lye,
1871 1943 1943 1981 viri
1972 1945 2115 1995 linguae
2136 1948 2197 1986 M.
2225 1949 2299 1987 Go-

198 1989 306 2030 thieae
323 1990 593 2038 callentiffimi‚
630 2004 714 2043 quae
738 1993 778 2030 in
796 2004 948 2044 nupcrae
973 1992 1153 2032 editionis
1181 1993 1492 2033 annotationibus
1519 1993 1566 2032 ad
1589 1992 1627 2033 h.
1653 1993 1666 2032 l
1699 2004 1849 2032 extant:
1895 1994 2117 2041 „herodiana
2128 1997 2234 2050 swor
2249 2002 2302 2041 vi-

197 2041 324 2091 „tiose
338 2041 411 2082 effe
426 2041 578 2096 scripta,
607 2044 753 2096 inquit,
779 2045 908 2083 nullus
927 2045 1194 2097 dubito,’quae
1210 2060 1302 2098 pace
1319 2047 1389 2086 viri
1417 2045 1720 2098 incomparabilis
1746 2045 1850 2095 (Rev.
1871 2046 2073 2086 Benzelium
2098 2049 2301 2103 loquitur,)

196 2095 303 2144 „hoc
322 2095 442 2136 modo
456 2095 686 2149 refingerem
697 2125 707 2145 ‚
730 2096 887 2137 herodias
894 2095 1068 2150 fiteror,
1097 2112 1178 2138 non
1193 2113 1215 2138 a
1220 2098 1374 2150 swaran
1394 2099 1459 2147 (ut
1476 2099 1701 2138 existimavit
1718 2100 1777 2149 Β.)
1795 2097 1878 2138 seda
1885 2097 2034 2150 sweran
2042 2115 2057 2148 ;
2088 2114 2133 2142 ut
2149 2106 2264 2146 taitok
2281 2120 2302 2146 a

197 2148 355 2196 „tekan,
382 2148 475 2187 lailot
493 2149 620 2188 aleran
640 2151 713 2190 ἃς.
767 2151 872 2189 Huic
889 2150 1089 2203 respondet
1112 2153 1510 2204 Anglo-Saxonicum
1537 2152 1679 2203 syrvan
1703 2152 1761 2191 vel
1773 2150 1913 2202 thran.
1952 2151 2125 2204 irfidiari‚
2159 2156 2302 2207 struere

198 2199 380 2250 „instabam
433 2200 489 2237 the
506 2214 556 2238 aer
573 2201 645 2238 him
661 2202 714 2239 his
723 2200 834 2250 feorh
842 2201 1021 2252 syredon,
1049 2208 1111 2255 qui
1118 2208 1226 2254 prims
1242 2206 1280 2243 in
1298 2218 1410 2242 necem
1431 2202 1540 2254 suam
1568 2202 1877 2255 corfiairzaeveravzt;
1917 2205 2027 2245 Bedae
2052 2209 2104 2246 H.
2128 2211 2173 2248 Ε.
2198 2211 2244 2249 11.
2264 2222 2302 2260 9.

194 2251 358 2300 ,,Βοέῐ1].
378 2264 415 2304 p.
439 2263 500 2297 33.
526 2251 567 2289 he
583 2250 661 2289 hine
676 2251 734 2289 het
747 2250 876 2304 ficgan
896 2252 989 2290 hvaet
1005 2254 1058 2291 his
1073 2267 1232 2305 geveran
1256 2268 1377 2293 veron
1398 2255 1456 2293 the
1478 2255 1553 2294 mid
1576 2255 1647 2293 him
1661 2253 1770 2303 ymbe
1783 2254 1955 2306 saeredon.
2019 2253 2298 2310 Anglo-Saxo-
2379 2253 2388 2259 ’

194 2306 312 2352 „nica
328 2303 443 2353 verfio
458 2303 572 2344 habet
578 2302 732 2355 syrvde,
789 2303 869 2344 vid
906 2304 999 2344 edit.
1025 2305 1135 2343 Benz.
1157 2319 1194 2358 p.
1222 2317 1283 2356 79.
1311 2316 1394 2347 not.
1420 2319 1451 2346 a.

141 2356 250 2420 d)·J.
271 2359 305 2396 ἃ
322 2358 377 2398 St.
396 2356 556 2405 herodes,
581 2355 689 2409 quod
712 2357 874 2396 correxit
890 2358 936 2401 Β.
998 2358 1163 2409 Utrique
1196 2358 1351 2400 leffioui
1373 2357 1473 2399 favet
1496 2359 1544 2398 L.
1569 2358 1630 2400 M.
1649 2355 1821 2398 Gothica.
1865 2357 1944 2401 vid.
1969 2356 2079 2413 supra
2110 2376 2148 2404 v.
2184 2364 2244 2408 16.
2262 2367 2299 2408 &

141 2463 175 2513 e)
191 2409 307 2518 {efge
328 2423 375 2507 131..
399 2421 471 2516 HJ.
493 2463 529 2502 8(
553 2462 605 2502 St.
633 2460 853 2516 irfindjans.

132 2533 188 2586 f)
213 2535 254 2572 Β.
273 2534 307 2572 ἃ
327 2536 367 2587 ].
382 2533 495 2574 bene.
549 2535 607 2575 St·
615 2531 834 2585 spaiculatur
845 2547 858 2581 5
887 2533 950 2573 sed
966 2534 1101 2587 lingua
1116 2535 1173 2575 M.
1195 2534 1313 2577 Goth.
1334 2535 1486 2587 ignorat
1510 2535 1746 2576 elementum
1763 2547 1803 2583 c.
1828 2545 1873 2575 ut
1888 2547 1936 2575 ex
1950 2534 2166 2590 Alphabeto
2195 2539 2296 2583 coui-

197 2587 314 2638 gitur.
367 2588 427 2626 De
443 2585 518 2640 ipia
534 2599 626 2626 voce
643 2587 836 2639 eleganter
856 2588 936 2640 agit
956 2589 1062 2627 Nob.
1083 2589 1141 2630 St.
1169 2589 1211 2627 in
1230 2589 1412 2628 Gloffario
1437 2602 1473 2640 p.
1497 2600 1584 2636 130.

140 2640 185 2693 g)
213 2637 293 2679 Sic
302 2640 347 2680 Β.
369 2640 404 2678 8<
419 2641 457 2692 J.
509 2639 663 2680 Thema
682 2639 736 2680 est
754 2641 906 2689 maium,
934 2639 1112 2693 fiindere,
1145 2654 1227 2680 non
1250 2653 1384 2682 matam.

144 2712 188 2763 h>
212 2712 329 2771 Ita-B.
382 2712 570 2802 ErrantsJ,
589 2712 623 2751 ἃ
642 2713 696 2774 Ξῖ..
716 2710 900 2764 legendo:
928 2710 1022 2752 tbize
1045 2713 1180 2766 maujai
1184 2727 1200 2760 ,·
1221 2712 1316 2753 tlzize
1338 2712 1445 2754 enim
1464 2709 1517 2751 est
1541 2709 1733 2765 genitivus
1757 2708 1859 2762 plur.
1881 2711 2017 2764 maujai
2041 2718 2179 2767 autem·
2194 2713 2301 2757 casu·

144 2816 175 2868 ί)
197 2765 807 2864 tigni-1552.nugenii‘nfflilliiiizhan,
853 2814 991 2864 lavare,
1035 2831 1117 2859 non
1139 2817 1335 2860 tlzwaihan.
1407 2819 1516 2858 Suec.
1550 2816 1701 2865 Τυῆηα,
1742 2812 1831 2877 νυξὶ
1864 2814 2122 2879 unthwqhaus,
2169 2816 2295 2867 illotus,

195 2866 375 2964 ἕὲυᾶθτῖἕὶἰί
396 2880 686 2976 ἕῗυιὸιξεόηορςαὲς
710 2869 941 2923 qftlzwalmn,
974 2871 1069 2932 gack
1090 2871 1148 2912 och
1167 2871 1286 2911 tvdtta
1300 2870 1371 2926 dig.
1402 2870 1491 2925 Joh.
1511 2880 1548 2922 9,
1571 2881 1632 2912 ιι.
1697 2867 1898 2909 Familiam
1924 2880 2027 2938 vocis
2053 2868 2168 2910 habet
2191 2870 2294 2947 Jun.

588 2971 589 2974 Ἴ
1234 2979 1279 3024 D
