2473 3380
731 132 1664 192 ANNOTATIONES.
2169 130 2269 206 &2¹7

62 251 315 298 mannicum
331 244 555 310 ficihhan,
585 243 843 310 bifitilzlzan,
880 251 1003 311 quod
1028 249 1311 299 scandalizare
1334 252 1674 314 interpretantur
1699 249 2020 316 gloffographi‚
2046 251 2150 301 alias
2167 251 2270 317 sup-

61 317 271 378 plantare.
337 316 420 361 Sed
440 314 469 361 fi
488 316 546 361 ita
562 316 758 376 primum
779 319 951 364 aurium
972 317 1189 381 judicium
1209 318 1252 365 ὅτ
1279 319 1627 380 qualemcunque
1656 335 1915 366 concentum
1945 334 2106 366 temere
2126 319 2271 380 sequa·

57 399 186 438 mur,
217 381 430 441 quidlibet
447 398 495 427 ex
514 380 712 440 quolibet
729 379 854 429 facile
875 382 1035 445 fingere
1056 383 1212 432 licebit.
1247 387 1434 432 Certiori
1459 384 1542 432 fide
1561 387 1651 432 eius
1669 382 1883 431 familiam
1912 387 1957 430 in
1976 384 2269 446 septentrione

57 447 206 495 nostro
226 450 510 504 inveniemus,
543 447 619 493 ubi
634 448 818 507 stincka,
835 450 980 516 fllcka
1000 450 1231 514 &stiunka
1252 466 1371 498 notat
1393 453 1581 509 irruere,
1612 469 1713 499 cum
1737 454 1906 513 impetu
1928 453 2138 509 incidere,
2173 468 2269 512 quae

56 517 207 560 eadem
227 512 479 574 significatio
501 513 796 575 Moesogothis
817 518 860 561 in
883 515 960 563 usu
983 531 1088 565 erat.
1137 519 1384 576 Utramque
1402 533 1572 579 partem
1590 518 1835 566 audiamuS.
1853 521 1957 566 Luc.
1973 531 2048 580 14,
2064 533 2087 579 3
2102 534 2140 569 1.
2184 521 2270 564 Co·

54 579 135 627 dex
159 586 397 640 Argenteus
433 580 584 638 habet,
618 580 731 645 qlzas
757 579 972 630 thiudans
999 585 1247 647 gaggands
1257 586 1486 648 stingan
1514 583 1682 633 withra
1711 582 1967 635 antharana
1993 583 2187 633 thiudan
2206 583 2270 632 du

57 647 288 712 wiganna,
315 648 414 706 quis
435 664 507 694 rex
534 646 679 694 abiens
700 649 754 694 ad
773 651 991 709 impetum
1013 645 1260 694 faciendum
1280 650 1327 693 in
1345 649 1527 695 alterum
1551 667 1710 710 regem,
1740 666 1789 697 ut
1808 668 1909 698 eum
1929 650 2074 698 caedat.
2094 654 2200 698 Luc.
2222 656 2269 708 6,

56 721 137 776 48.
155 713 233 763 ,At
253 715 484 778 garunjon
512 713 619 763 than
638 713 1161 779 wazirclzana1=bisiang
1180 712 1324 777 aqha,
1359 717 1640 762 inundatione
1667 711 1800 770 fasta,
1828 717 2022 763 irruebat
2047 734 2175 778 aqua.
2205 716 2270 767 ib.

57 795 150 841 cap.
165 798 210 840 4,
227 795 246 827 1
260 796 302 829 Ι.
349 781 415 829 Ei
434 779 552 846 qban
572 799 617 828 ηε
637 781 952 845 gastangjais
974 780 1016 827 ba
1029 785 1179 840 flama
1191 778 1300 842 finu
1321 779 1544 837 themana,
1565 799 1617 827 ne
1638 782 1816 841 quando
1844 783 1898 829 ad
1917 782 2109 844 lapidem
2131 784 2271 830 oflen—

56 845 131 893 das
150 846 308 907 pedem
327 862 483 895 tuumt
512 851 570 894 ita
590 850 707 893 enim
726 847 958 907 legendum
976 845 1070 901 effe,
1099 847 1291 906 traditur,
1310 848 1353 892 in
1379 846 1576 910 Ulplzila
1596 851 1842 915 illustrato,
1871 866 1914 909 p.
1937 858 2017 908 48.
2069 853 2184 897 Cum
2200 850 2273 895 his

56 913 195 959 modo
224 913 362 969 allatis
388 915 477 976 jam
510 911 784 959 conferamus
812 912 966 959 nostrae
987 914 1147 973 linguae
1166 930 1346 974 penum.
1406 912 1548 961 Goth.
1567 917 1616 959 L.
1639 930 1734 973 cap.
1757 929 1840 974 23,
1860 929 1910 973 4.
1948 912 2166 963 Schiautr
2190 914 2274 969 thu

55 976 255 1042 kunze,sb
275 991 318 1026 et
338 978 470 1028 benni
483 984 659 1042 [linqua
685 975 816 1026 clethz‘
833 994 892 1044 γν
909 978 1019 1044 lagi.
1040 978 1069 1024 fi
1088 976 1301 1026 feminam
1321 981 1378 1025 ita
1397 980 1556 1034 trudas,
1584 995 1633 1026 ut
1653 980 1846 1025 mundus
1868 980 1956 1041 ejus
1985 980 2184 1027 turbetur
2204 981 2275 1027 vel

58 1061 243 1093 corruat.
277 1049 502 1108 Repetitur
522 1060 673 1105 quater
693 1046 738 1088 in
759 1045 907 1090 eadem
928 1045 1208 1106 paragrapho
1229 1062 1312 1091 vox
1332 1046 1425 1093 haec
1443 1050 1657 1113 limgqva.
1679 1044 1850 1097 Chron.
1867 1044 2077 1108 Rhytlzm.
2092 1062 2141 1113 p.
2159 1060 2276 1109 450,

529 1111 631 1172 1⁰le
656 1108 735 1159 oelz
763 1108 1033 1177 byffnstenar
1062 1112 1230 1177 myckit
1241 1112 1399 1180 flank‚

528 1178 638 1224 Tela
665 1176 717 1226 &
738 1178 903 1238 lapides
922 1178 1112 1224 ubertim
1132 1178 1331 1227 ruebant.

64 1243 175 1309 Upt.
193 1247 246 1292 L.
267 1240 430 1292 Manli.
451 1246 496 1291 B.
521 1261 616 1305 cap.
637 1260 682 1303 4.
716 1243 927 1292 Stionkir
947 1239 1134 1306 ofsteni
1151 1243 1436 1309 alloeflokki,
1465 1243 1493 1291 si
1513 1243 1666 1291 resiliat
1696 1262 1720 1292 a
1738 1244 1882 1306 lapide
1903 1261 1978 1293 aut
1996 1245 2130 1297 trabe.
2201 1244 2276 1293 Est

58 1312 185 1367 hinc,
216 1311 338 1370 quod
362 1310 599 1371 procellam
625 1326 726 1357 cum
754 1312 927 1371 impetu
953 1325 1151 1356 ruentem
1173 1313 1302 1357 variis
1330 1314 1375 1357 in
1404 1314 1566 1358 Sueciae
1591 1312 1789 1372 partibus
1813 1312 2109 1378 enst'ickande
2124 1316 2278 1379 storm

58 1379 317 1434 vocitemus,
349 1377 450 1422 alias
457 1376 685 1440 stickande
685 1380 863 1443 storm:
897 1376 1106 1435 quodque
1137 1377 1362 1423 elaterium
1392 1378 1458 1422 vel
1487 1377 1694 1423 laminam
1721 1375 1908 1424 ferream
1937 1383 1980 1424 vi
2006 1376 2080 1425 sua
2108 1379 2277 1427 elastica

59 1460 165 1491 cum
187 1444 356 1504 impetu
373 1442 954 1509 refilicntem,slinckfiaeder
971 1458 1238 1501 nuncupare,
1263 1460 1360 1490 mos
1382 1442 1453 1490 est.
1523 1442 1923 1506 Islandosstbckwa
1942 1444 2094 1491 crebro
2119 1447 2277 1493 eodem

57 1507 296 1569 significatu
324 1506 557 1569 usurpare,
584 1510 807 1558 novimuS.
833 1509 982 1557 Hrole
1003 1506 1184 1556 lsrakes
1214 1509 1263 1560 S.
1291 1527 1339 1571 p.
1363 1517 1440 1564 86.
1485 1508 1681 1558 Stockur
1707 1506 1799 1556 han
1822 1507 1871 1571 fia
1885 1507 2025 1572 fram
2052 1529 2079 1559 a
2109 1510 2275 1575 herstr-

57 1573 212 1632 kinne,
241 1577 298 1621 ita
317 1578 360 1621 in
388 1574 592 1621 athletam
622 1577 767 1625 irruit.
797 1573 930 1623 Conf.
961 1574 1237 1631 Heimerr.
1268 1579 1330 1624 T.
1359 1589 1397 1626 1.
1427 1593 1476 1638 p.
1503 1590 1613 1639 139.
1649 1577 1786 1623 Hisce
1806 1578 1862 1623 ita
1882 1576 2129 1637 praemiffis‚
2162 1578 2279 1625 vide·

56 1657 159 1690 mus
177 1641 391 1707 bistung
414 1642 458 1688 id
479 1639 574 1697 esse,
608 1642 660 1688 ad
682 1643 804 1702 quod
827 1659 928 1689 cum
948 1643 1120 1702 impetu
1139 1643 1363 1693 irruimus,

263 1709 341 1773 ss)
373 1707 672 1764 Gamarzein,
702 1707 958 1755 scandalum.
996 1705 1230 1767 Postquam
1256 1710 1510 1769 nuperrime
1528 1708 1727 1770 probavi,
1746 1726 1771 1757 z
1791 1711 1834 1755 in
1854 1707 2192 1772 Moesogothicis
2213 1710 2281 1758 lit·

60 1788 196 1821 teram
218 1771 307 1820 fere
327 1774 522 1821 servilem
543 1773 636 1831 esse,
668 1776 792 1821 citius
812 1774 1040 1836 apparebit
1058 1777 1353 1821 convenientia
1386 1776 1518 1821 huius
1540 1792 1642 1821 cum
1666 1774 1803 1823 Alem.
1825 1792 2025 1835 merren,
2055 1776 2178 1839 quod
2198 1780 2278 1827 im·

60 1841 213 1905 pedire
232 1856 368 1892 notat.
403 1843 475 1892 Ni
490 1852 677 1898 marran,
705 1859 757 1887 ne
779 1841 1056 1903 impedirent.
1093 1839 1313 1904 Otfridus
1335 1841 1431 1888 Lib.
1453 1844 1488 1890 Ι.
1508 1858 1602 1903 cap.
1630 1856 1646 1889 1
1661 1858 1703 1900 Ι,
1724 1848 1805 1892 60.

536 1909 644 1958 Oulz
667 1905 796 1956 uuila
821 1907 932 1955 mihi
950 1924 1166 1974 gtmerre.

536 1977 593 2020 Et
621 1991 692 2021 me
722 1975 783 2020 nil
800 1975 1047 2035 quidquam
1069 1973 1298 2036 impediat.

62 2041 131 2091 Ad
152 2058 281 2103 quem
301 2041 450 2088 locum
470 2038 623 2087 confer
641 2056 843 2088 annotata
861 2059 884 2087 a
914 2039 1147 2090 Scherzio.
1195 2039 1478 2094 Wachterus
1507 2043 1551 2086 in
1573 2038 1866 2090 dissertatione
1893 2042 1945 2090 de
1975 2043 2125 2103 lingua
2143 2042 2279 2090 Codi-

63 2111 122 2155 cis
153 2110 374 2168 Argentei,
411 2105 564 2153 inserta
594 2105 782 2156 Miscell.
814 2107 1177 2165 Berolinenfibus,
1215 2109 1434 2171 maezjcm
1459 2111 1571 2154 inter
1608 2125 1733 2155 voces
1766 2111 2036 2157 Sclavonicas
2068 2124 2280 2168 numerat,

65 2191 207 2234 quum
228 2175 434 2220 Bohemis
460 2177 622 2225 mrzeti
641 2173 848 2234 significet
875 2173 1118 2222 molestiam
1147 2173 1329 2226 adferre,
1376 2178 1426 2221 In
1446 2175 1610 2222 Codice
1633 2175 1860 2236 Argenteo
1889 2180 2077 2226 airzian
2103 2174 2282 2239 respon·

64 2241 136 2287 det
161 2243 253 2289 Lat.
280 2255 401 2290 erro.
430 2239 572 2287 Alem.
602 2244 745 2292 irren.

1076 2323 1115 2358 v,
1192 2324 1268 2370 14.

268 2375 329 2435 tt)
370 2373 595 2431 Tatraua,
613 2371 866 2435 persuasum
887 2373 1045 2425 habeo.
1116 2374 1269 2422 Affero
1296 2372 1555 2437 scripturam
1587 2375 1938 2434 Knittelr'anam,
1968 2374 2040 2423 sed
2070 2391 2165 2437 quae
2193 2391 2281 2425 cer-

67 2437 220 2488 tissime
239 2437 341 2487 falsa
362 2440 432 2488 est.
490 2444 662 2507 Qiovis
685 2444 801 2487 enim
824 2444 1010 2502 pignore
1029 2459 1263 2500 certavero‚
1285 2459 1402 2496 eum,
1422 2445 1499 2502 qui
1523 2444 1778 2490 accuratiori
1800 2446 1887 2488 acie
1906 2443 2114 2489 Codicem
2135 2440 2283 2504 ipsum

67 2509 252 2554 intuitus
280 2504 433 2564 fuerit,
465 2526 556 2556 non
580 2521 790 2564 tatrava,
820 2507 891 2554 sed
913 2521 1122 2576 gatrava
1152 2509 1212 2556 ibi
1241 2511 1539 2557 inventurum.
1586 2509 1745 2555 Facilis
1788 2511 1917 2555 etiam
1944 2511 2016 2556 hic
2047 2526 2170 2556 error
2200 2507 2280 2554 est:

71 2591 211 2634 quum
232 2577 277 2620 T
298 2573 338 2619 δι
361 2577 396 2619 L
414 2592 503 2622 non
527 2574 605 2621 nifi
622 2574 860 2636 superioris
879 2576 1001 2622 lineae
1019 2576 1287 2636 aliquantilla
1311 2574 1606 2636 produffiione
1627 2577 1836 2622 differant.
1873 2577 1945 2622 Ille
1964 2593 2067 2623 vero
2093 2577 2283 2637 gravior,

68 2640 192 2700 quod
211 2652 259 2689 ta
280 2657 364 2701 pro
382 2641 726 2701 reduplicatione
743 2640 895 2688 habeat
913 2643 981 2689 vel
999 2659 1236 2705 augmento
1256 2641 1476 2706 syllabico,
1494 2640 1730 2703 ipsumque
1747 2655 1935 2692 ῐαῖναυαμ
1950 2660 2033 2704 pro
2044 2643 2282 2703 praeterito·

69 2711 173 2755 Hoc
191 2724 297 2754 vero
317 2722 366 2753 ut
386 2704 654 2753 manifestius
673 2707 741 2763 fit,
771 2709 980 2755 nonnulla
1000 2708 1331 2755 commentabor
1349 2708 1401 2755 de
1420 2708 1561 2756 verbis
1585 2709 1787 2756 Gothicis
1802 2746 1812 2764 ,
1842 2709 1984 2756 lucem
2004 2710 2197 2768 aliquam
2217 2709 2283 2754 rei

71 2775 379 2822 Grammaticae
399 2773 654 2820 Gothorum
675 2773 876 2831 allatura,
903 2775 1035 2835 idque
1061 2793 1114 2822 eo
1144 2775 1363 2822 lubentius
1377 2813 1388 2832 ,
1425 2776 1546 2836 quod
1568 2793 1654 2822 non
1675 2772 1773 2822 satis
1793 2776 2000 2835 explicate
2019 2775 2109 2822 haec
2129 2775 2281 2836 philo-

71 2841 200 2901 logiae
229 2856 423 2887 veterum
445 2857 545 2901 pars
573 2839 625 2885 ab
646 2839 866 2904 Hcckqfio,
894 2843 972 2901 qui
991 2844 1194 2887 omniurn
1219 2842 1348 2888 instar
1366 2840 1448 2898 est,
1484 2841 1597 2888 mihi
1615 2842 1770 2887 tradita
1791 2842 1975 2890 videtur.
2044 2842 2282 2889 Sciendum

70 2923 174 2956 vero
195 2906 266 2969 est,
294 2922 379 2956 tres
400 2908 730 2970 coniugationes
756 2906 801 2953 in
828 2906 977 2971 lingua
1005 2923 1093 2957 tam
1114 2907 1438 2971 Moelbgothica
1469 2924 1599 2968 quam
1627 2908 1806 2968 reliquis
1834 2908 2042 2956 omnibus
2071 2909 2283 2973 Scythicae

2140 2976 2278 3038 origi·
