2473 3380
629 73 735 139 m:
770 51 949 124 LJNG'
960 70 1056 124 UA
1089 65 1366 124 coniers
1392 70 1778 126 ARGENTEI.
2202 74 2304 157 ³⁶3

82 223 110 250 „
148 190 362 245 manicam
383 190 433 238 L,
454 187 628 247 poetice
648 183 878 233 transferre
904 183 1090 231 studeret
1111 183 1191 230 ἃς.
1216 220 1239 240 ,,
1306 181 1526 230 Discimus
1549 185 1651 231 hinc
1680 199 1814 242 certe,
1848 187 1892 231 in
1914 183 2200 236 Theoti-scum
2219 185 2302 236 ser-

82 273 264 305 monem
286 271 511 313 nunquam
532 269 651 299 antea
682 252 880 299 translata
908 249 1033 298 fuisse
1053 253 1091 300 S.
1123 247 1317 305 oracula,
1354 251 1471 308 quod
1501 249 1610 296 salva
1639 253 1814 297 veritate
1846 253 1931 298 dici
1958 270 2046 298 non
2073 253 2237 317 posset,
2269 253 2303 305 fi

85 340 240 384 quarto
260 325 346 368 iam
368 319 531 373 seculo,
566 335 641 366 aut
660 322 790 365 etiam
808 321 955 380 prius,
989 316 1019 364 si
1040 316 1290 379 Hiclzqstum
1307 318 1534 373 audimus,
1570 318 1616 362 in
1637 319 1895 364 Francicum
1916 320 2082 367 idioma
2099 338 2180 386 per
2199 321 2302 370 cod·

81 397 172 450 arg.
200 384 400 435 conversa
431 383 605 432 fuissent
632 386 778 431 divina
807 385 994 431 oracula.
1066 387 1219 445 Quum
1246 382 1454 443 proinde,
1489 399 1537 429 ut
1568 384 1610 429 id
1638 383 1724 431 hoc
1752 383 1852 431 loco
1885 401 2112 442 moneam,
2148 403 2302 437 omnes

81 457 248 515 'antiqui
266 452 494 513 scriptores
513 454 749 498 Gothicam
773 448 1060 513 metaphrasin
1078 449 1274 503 laudent,
1310 449 1619 496 Germanicam
1645 467 1748 496 vero
1768 468 1857 497 non
1874 466 2038 499 taceant
2056 452 2210 508 solum,
2231 452 2304 499 sed

80 521 122 568 ἃ
143 518 332 582 expresse
361 516 523 565 fabiam
543 535 725 580 negent,
761 515 926 574 nescio,
960 517 1037 577 qui
1064 517 1109 562 in
1137 531 1330 561 mentem
1357 516 1540 562 eruditis
1563 518 1709 563 venire
1735 515 1890 582 possit,
1923 535 1972 566 ut
1997 520 2168 567 veritati
2193 514 2303 566 adeo

79 588 266 635 evidenti
287 585 402 647 signa
425 584 498 632 sua
528 586 771 637 obvertant‚

1117 691 1163 758 §·
1232 695 1288 744 x,

77 837 79 839 ¹
210 786 355 830 Fuere
384 783 490 830 adeo
520 780 678 845 scripta
708 782 849 829 latinae
880 782 1062 844 linguae,
1097 797 1193 841 quae
1223 780 1334 828 hanc
1363 783 1652 830 mutationem
1683 781 1926 835 subierunt}
1953 784 2024 834 sed
2057 786 2197 847 qualis
2232 786 2306 836 illa

79 848 287 899 censenda
309 849 377 906 sit,
413 865 486 896 aut
513 852 557 895 in
576 866 666 910 quo
690 847 949 906 constiterit,
986 845 1107 895 dian
1127 844 1306 894 difficile
1336 847 1439 905 esse,
1472 845 1626 899 fateor.
1696 853 1777 897 Sed
1808 869 1948 911 quum
1980 869 2123 899 tamen
2151 857 2211 900 rei
2242 855 2308 900 di-

79 919 328 980 plomatica:
355 913 614 961 illustrandae
641 916 710 961 hic
740 916 861 961 locus
894 912 1117 971 inserviat,
1152 914 1346 974 aliquam
1374 915 1437 959 illi
1464 915 1604 961 lucem
1630 915 1857 963 affundere
1886 919 2094 967 conabor.
2162 921 2211 965 Id
2231 937 2308 966 au-

80 1001 169 1031 tem
189 985 389 1030 omnium
413 984 562 1042 primo
586 982 698 1028 mihi
722 981 841 1027 haud
861 997 1031 1042 gravate
1053 979 1257 1037 concedi,
1293 980 1525 1027 arbitratus
1555 979 1707 1040 fuero,
1745 985 1789 1029 in
1816 996 1937 1031 tanto
1966 984 2142 1031 latinam
2170 987 2308 1047 expli-

6 1072 13 1075 *
80 1053 293 1098 cationem
318 1048 486 1094 inter&
504 1064 702 1108 ,quatuor
725 1050 981 1094 Graecarum
1014 1047 1257 1094 litterarum
1289 1048 1480 1094 valorem
1502 1047 1708 1109 {dissidim
1744 1052 2026 1112 perexiguam
2056 1052 2213 1098 harum
2243 1069 2307 1099 ra-

79 1111 247 1164 tionem
267 1114 346 1162 effe
367 1111 627 1163 habendam.
696 1119 876 1161 Notum
907 1113 965 1160 est
993 1113 1103 1159 illud
1125 1114 1260 1160 medii
1283 1116 1385 1162 tevit
1420 1112 1741 1179 Graecastmt,
1776 1133 1866 1165 non
1890 1120 2119 1183 leguntur.
2192 1118 2309 1168 Gre-

74 1187 202 1251 gorii
220 1182 408 1245 proinde
427 1180 639 1242 scriptum
653 1219 662 1237 ,
697 1179 934 1242 postquam
954 1198 1036 1242 per
1055 1180 1224 1241 aliquot
1240 1178 1377 1227 secula
1398 1179 1587 1227 indutiis
1607 1180 1844 1230 scribarum
1863 1183 2066 1231 manibus
2088 1180 2307 1232 deforma-

79 1266 175 1298 tum
197 1247 360 1305 fuerat,
395 1249 564 1294 mirum
587 1265 676 1294 non
707 1246 788 1303 est,
824 1246 853 1293 fi
873 1247 1034 1294 Graecae
1054 1248 1205 1293 litterae
1226 1247 1338 1293 nihil
1358 1246 1507 1293 sinceri
1535 1249 1814 1299 retinuerint:
1858 1248 1947 1296 sola
1968 1268 2072 1297 vero
2092 1251 2223 1298 latina
2244 1268 2306 1298 in-

79 1318 334 1378 terpretatio
356 1313 384 1360 si
405 1314 532 1360 nobis
553 1331 637 1376 pro
661 1313 874 1377 cynosura
893 1311 1049 1369 fuerit,
1085 1315 1355 1359 inveniemus
1379 1312 1544 1373 statim,
1579 1313 1656 1361 ubi
1676 1317 1834 1376 pedem
1863 1315 2074 1378 figamusz
2110 1320 2174 1364 Ex
2195 1317 2307 1364 indi-

79 1386 148 1429 cio
172 1399 330 1443 nempe
351 1379 573 1447 Gregorii
597 1383 765 1428 civitate
797 1380 958 1426 donare
985 1380 1127 1426 voluit
1147 1378 1429 1444 Clzilpericus
1458 1381 1620 1426 litteras
1650 1399 1671 1427 e
1699 1384 1868 1429 Graecia
1895 1399 2133 1442 mutuatas,
2166 1401 2263 1445 quae
2282 1401 2308 1432 ο

76 1449 258 1511 longum
280 1446 478 1494 sonarent
493 1480 505 1502 ‚
542 1464 604 1504 α’,
640 1445 710 1495 tlte
735 1448 776 1493 ὅ(
795 1452 895 1504 uui,
932 1446 1115 1506 quibua,
1149 1445 1225 1492 nisi
1246 1443 1390 1504 fallor,
1413 1447 1473 1492 nil
1494 1447 1614 1493 aliud
1634 1447 1964 1509 significandum
1982 1450 2149 1510 habuit,
2171 1467 2306 1511 quam

69 1514 242 1569 *omissis
262 1530 334 1562 aut
355 1512 469 1560 forte
490 1516 700 1576 ignoratis
723 1515 886 1561 Graecis
908 1512 1186 1570 nominibus,
1224 1529 1378 1580 omega
1393 1545 1406 1568 ,
1444 1523 1556 1570 a’ta‘²
1592 1512 1713 1564 theta
1731 1515 1772 1561 ὅ(
1787 1515 1893 1581 phi,
1924 1534 2112 1577 quarum
2131 1520 2305 1580 priores

78 1583 173 1630 duae
193 1582 362 1629 vocales
383 1582 522 1642 longae
547 1580 611 1626 vel
635 1579 884 1642 compositae
906 1579 1055 1626 eadem
1077 1580 1257 1640 quidem
1276 1578 1438 1641 figura,
1473 1579 1656 1627 florente
1689 1599 1868 1643 quoque
1887 1585 2038 1642 Latio,
2071 1583 2306 1646 pingeban-

74 1666 152 1696 tur
171 1664 216 1696 ac
237 1648 452 1708 simplices
476 1648 700 1705 brevesve,
735 1648 805 1694 sed
826 1644 1092 1693 diversissimi
1113 1662 1258 1692 tamen
1288 1646 1380 1692 soni
1411 1643 1551 1696 fuere.
1610 1647 1926 1695 Posterioribus
1957 1650 2124 1697 duabus
2155 1649 2304 1698 conso·
2375 1650 2380 1656 ’

77 1719 144 1764 nis
166 1718 292 1762 ctiam
316 1716 451 1760 caruit
473 1715 672 1770 Latium,
710 1715 839 1773 idque
866 1715 937 1770 ita,
959 1729 1010 1758 ut
1031 1730 1110 1773 per
1131 1713 1332 1774 ambages
1357 1714 1451 1758 illas
1472 1712 1728 1774 significare,
1764 1715 1964 1762 habuerit
1986 1716 2221 1773 necessum,
2256 1732 2306 1764 ut

77 1798 232 1831 notum
253 1782 391 1828 cuivis
409 1780 490 1836 est,
520 1799 553 1830 Θ
574 1782 615 1826 ’ἀ
633 1802 659 1839 φ
687 1798 769 1842 per
789 1792 808 1827 t
827 1780 870 1826 ὅ(
894 1796 929 1844 p
958 1795 1057 1825 cum
1078 1779 1221 1826 addita
1256 1777 1519 1840 aspiratione
1548 1782 1814 1842 exprimens.
1883 1785 1992 1829 Non
2023 1784 2168 1844 itaque
2196 1784 2307 1830 adeo

76 1851 250 1910 ineptus
268 1844 356 1893 fuit
377 1845 684 1912 Clzilpericus,
724 1849 802 1906 qui
835 1846 923 1892 haec
955 1844 1386 1901 comminiscebatur,
1422 1846 1522 1893 licet
1552 1863 1706 1893 eventu
1735 1846 1964 1895 frustratus
1990 1846 2144 1907 fuerit,
2179 1850 2220 1896 &
2247 1850 2304 1897 ad

75 1917 120 1963 id
141 1916 381 1977 imperium
405 1914 657 1968 extenderit,
695 1914 816 1974 quod
840 1915 1043 1959 omnium
1065 1909 1321 1958 difficillime
1340 1912 1454 1973 leges
1472 1914 1643 1974 accipit.
1711 1918 1823 1961 Non
1844 1914 1914 1971 est,
1937 1917 2057 1974 quod
2079 1933 2308 1975 moneam,

73 1980 163 2049 'plez'
179 2000 258 2044 per
277 1985 356 2030 uui
377 1978 546 2037 efferri,
575 1997 674 2040 quo
693 1979 819 2042 lapsu
841 1980 985 2025 nullus
1005 1979 1278 2026 Germanicae
1301 1980 1489 2026 nationis
1507 1979 1681 2027 homini
1714 1977 1889 2029 facilior
1915 1980 1994 2028 esse
2012 1996 2202 2044 poterat.
2233 1985 2276 2045 ⁴)

212 2092 400 2139 Videant
419 2093 519 2149 iam,
546 2092 623 2151 qui
640 2105 873 2152 vtantopere
893 2089 1175 2146 contendunt,
1206 2088 1402 2136 codicem
1426 2104 1680 2151 argenteum
1700 2092 1906 2140 Francica
1927 2097 1978 2143 L.
2003 2092 2308 2157 conscriptum

73 2158 183 2219 effe,
219 2158 378 2219 quibus
397 2159 530 2205 armis
550 2152 751 2204 adversus
772 2174 851 2204 nos
874 2172 1085 2217 pugnent.
1153 2159 1251 2216 Ego
1273 2156 1450 2215 quidem
1472 2159 1508 2202 is
1533 2174 1623 2203 non
1650 2156 1769 2216 sum,
1806 2162 1883 2220 qui
1907 2164 2109 2221 cuiquam
2132 2160 2306 2224 praefra·

74 2226 145 2275 Ge
163 2224 381 2286 oblufflaifi
400 2225 528 2270 velim
543 2260 553 2280 ,
588 2222 659 2270 sed
683 2224 870 2273 dandam
892 2224 1005 2268 mihi
1026 2223 1194 2268 veniam
1216 2225 1311 2267 iure
1336 2221 1637 2283 postulavero,
1669 2224 1698 2270 fi
1719 2242 1951 2287 antequam
1971 2246 1994 2273 a
2015 2226 2219 2275 sententia
2241 2243 2308 2276 tot

78 2293 355 2342 eruditorum
377 2292 548 2338 calculis
568 2288 822 2336 confirmata
843 2287 1062 2346 recessem,
1092 2290 1296 2335 certiores
1317 2291 1507 2335 rationes
1527 2288 1825 2351 postulavere.
1875 2297 2038 2341 Interea
2060 2312 2197 2354 quum
2218 2297 2307 2342 iarn

77 2362 124 2407 in
145 2362 225 2407 hac
245 2376 370 2406 arena
399 2357 553 2415 simus,
588 2355 751 2403 reliffls
778 2357 967 2403 aliorum
998 2353 1277 2411 conieeturis,
1313 2370 1519 2415 tanquam
1550 2355 1602 2402 de
1630 2359 1800 2419 integro
1835 2375 1928 2406 rem
1955 2364 2198 2422 cognitioni
2229 2379 2310 2409 no·-

76 2426 170 2474 strae
191 2425 494 2482 subiiciamus‚
528 2422 684 2479 visuri,
717 2423 939 2483 aliquidne
962 2439 1010 2468 ex
1029 2419 1125 2485 ipso
1146 2422 1307 2483 linguae
1327 2424 1478 2483 genio,
1505 2424 1629 2483 quod
1649 2424 1702 2470 ad
1726 2426 1785 2471 rei
1805 2426 2143 2475 declarationem
2161 2426 2307 2486 faciat,

77 2494 282 2555 indagare
302 2492 438 2553 liceat.
506 2488 770 2540 Illustrandae
796 2490 901 2538 huic
928 2487 1227 2537 controversiae
1256 2487 1479 2550 sequentia
1508 2506 1734 2539 momenta
1755 2493 1946 2553 aliquam
1971 2491 2086 2542 forte
2114 2492 2304 2543 faculam

65 2559 364 2624 praetulerint.

35 2743 39 2746 γ
2156 2677 2190 2734 5,
2225 2676 2303 2726 xt.

106 2767 2313 2789 *Qa-

136 2818 179 2870 ²·)
205 2819 250 2857 In
271 2816 468 2859 Mabillonii
485 2821 618 2863 museo
634 2824 714 2863 Ital.
742 2839 767 2876 p
802 2823 1112 2878 14tz³inscriptio
1132 2823 1184 2864 est
1203 2823 1318 2881 latina
1336 2824 1515 2879 sequioris
1535 2827 1623 2874 aevi,
1650 2825 1719 2865 ubi
1741 2835 1870 2878 praeter
1898 2842 1922 2862 u
1947 2815 2124 2867 videtnus
2151 2837 2307 2881 quoque

104 2938 110 2942 ἱ
181 2873 642 2971 G{lcztndzniktgrTheopthila:
673 2886 718 2918 ut
737 2878 832 2922 adeo
849 2878 913 2921 illa
930 2876 1092 2925 formata
1109 2878 1232 2922 v'ideri
1248 2879 1360 2932 poffit
1385 2879 1600 2922 secundum
1628 2890 1813 2932 praecepta
1830 2878 2031 2932 (hilperici,
2057 2893 2140 2924 non
2158 2892 2246 2926 vero
2265 2895 2310 2927 co

71 2976 88 2982 Δ,
107 2980 110 2981 ⁷
157 2972 162 2976 .
183 2972 210 2979 ἢ
421 2941 538 2983 argen
557 2942 636 2974 eus.
