2473 3380
825 174 1379 233 MATTHAEI.
1447 179 1550 232 IX.
2227 203 2284 252 15

88 280 169 342 28.
183 282 448 352 galaubjan
459 282 644 343 ³²)thatei
663 286 834 349 magjau
854 286 971 335 thata
989 288 1150 352 taujan,
1227 297 1308 347 28.
1344 290 1542 348 CreditiS,
1578 288 1699 352 quod
1719 288 1877 353 poffim
1894 292 1981 342 hoe
2001 293 2154 352 facere,

90 366 166 414 30.
199 350 547 416 quidhands.*'‘)
571 352 641 400 St.
663 353 879 411 quithans,
1228 371 1302 417 30.
1334 359 1505 404 Dicens.

88 433 113 481 3
126 432 166 478 3.
191 422 239 467 ni
257 416 460 481 aiwsma
473 416 520 478 d)
541 417 737 466 uskunth
749 437 830 466 was
845 423 889 466 in
905 416 1084 485 israela.
1099 422 1147 482 e)
1228 437 1251 484 3
1265 438 1303 481 3.
1328 427 1576 485 Nunquam
1598 424 1679 472 tale
1699 425 1927 487 cognitum
1946 424 2032 475 fuit
2053 429 2099 475 in
2116 427 2286 486 Israele,

187 622 293 673 Belg.
309 619 464 672 stupea,
488 622 606 672 Angl.
638 633 672 660 to
690 622 814 674 sleep:
851 624 900 662 Et
926 636 1058 675 pom-0,
1087 637 1177 663 cum
1205 628 1363 665 nomine
1381 626 1487 678 slep,
1507 628 1672 679 fimnus,
1709 631 1797 685 Joh.
1820 645 1888 682 Π,
1923 647 1983 680 13.
2035 635 2288 687 Angla-Sex.

178 673 276 726 slaep
323 673 423 712 Ruff.
453 683 582 720 σλεπε,
610 676 701 714 Slav.
733 676 859 715 Dalm.
885 675 975 713 Βοὴ
1008 674 1090 714 Lus.
1110 678 1141 715 8<
1165 678 1297 717 Polon.
1314 678 1433 729 slepy.
1488 684 1640 721 Horum
1667 687 1866 733 omnium,
1895 687 1996 740 apud
2022 687 2202 735 diversos,
2231 689 2286 728 di-

188 725 301 767 versae
319 725 466 765 dialec'li
486 728 759 767 vocabulorum
779 741 879 767 unus
895 727 946 766 est
964 726 1087 767 sensus
1099 757 1108 775 ,
1138 730 1346 782 eademque
1363 732 1495 782 origo,
1523 747 1661 787 nempe
1679 739 1737 776 vel
1755 751 1775 776 a
1785 738 1931 792 filzlapp
1943 769 1952 782 ‚
1978 740 2095 787 laxus,
2120 743 2206 779 remi
2233 753 2289 788 us,

191 778 307 819 Gloff.
330 779 410 817 Pez.
429 780 536 819 Suec.
555 779 690 832 slapp.
718 781 822 819 idem
840 779 968 830 confr.
990 781 1046 817 W
1043 781 1132 818 aclzt.
1155 782 1305 821 Gloffar.
1327 785 1620 834 Germanicum,
1648 802 1686 840 p.
1711 802 1821 840 1419·
1838 793 1871 830 ἃ
1894 791 1986 835 Edu.
2005 792 2183 831 Bernardi
2196 796 2287 845 Ety-

188 833 415 882 mologicon
434 834 713 877 Britannicum,
739 832 806 871 sub
825 845 916 871 voce
924 830 1037 882 slaetv,
1069 835 1128 872 vel
1148 835 1195 873 ab
1211 836 1298 874 Ebr.
1319 825 1399 877 ἦν]
1418 839 1549 888 quievit
1561 868 1569 884 ‚
1594 839 1733 891 remistt·
1789 844 1867 882 Csr.
1876 844 2014 895 slavan
2031 842 2290 898 Ulph.ceffi1re=

188 885 296 937 quod
323 883 485 936 superest
510 887 549 924 in
571 883 884 934 amflawaidedzm
911 887 1002 923 Luc.
1025 893 1065 932 8,
1099 899 1159 934 24.
1188 889 1273 927 alias
1281 887 1317 939 s
1314 887 1428 927 laman
1453 892 1494 929 in
1521 891 1590 930 hac
1616 892 1772 932 dialecto
1790 893 1892 944 filere
1918 907 2038 937 notat.
2061 912 2095 937 v.
2110 897 2160 947 J.
2179 900 2213 937 ὅ(
2233 898 2289 944 St,

186 937 300 977 Gloff
352 938 536 977 Ceterum
556 937 702 975 filentio
730 938 914 988 praeterire
942 951 1021 976 non
1047 938 1198 989 possum
1228 940 1302 979 hoc
1329 941 1433 987 loco,
1462 957 1533 982 nec
1560 957 1640 983 non
1664 945 1836 997 quolibet
1863 947 1983 988 ferme
2001 950 2094 997 alio,
2122 950 2192 989 ubi
2214 962 2292 990 vox

184 990 263 1030 haee
279 992 443 1030 occurrit
465 992 504 1029 in
522 989 673 1037 codice,
699 1002 820 1028 manu
847 989 1013 1042 quadam
1039 992 1187 1043 iniqua,
1220 994 1390 1032 vitiatam
1418 1008 1501 1036 eam
1525 996 1618 1044 esse,
1645 998 1684 1037 id
1703 999 1828 1050 quod,
1851 1001 1938 1041 licet
1966 1002 2166 1041 celaverint
2190 1015 2289 1042 reve-

185 1044 428 1083 rendissimus
450 1042 626 1080 Henzelius
653 1043 811 1093 aliique,
843 1044 909 1094 qui
929 1043 967 1081 id
985 1043 1180 1091 viderunt,
1207 1056 1273 1085 aut
1295 1048 1424 1099 potius
1454 1047 1644 1090 observare
1670 1053 1765 1092 tanti
1786 1066 1866 1092 non
1886 1054 2084 1102 duxerint,
2108 1055 2217 1094 venia
2235 1065 2290 1094 ta-

186 1109 280 1136 men
308 1096 405 1135 mihi
433 1095 601 1142 dabitur,
629 1093 656 1133 fi
674 1108 743 1134 nec
757 1095 833 1134 hoc
848 1097 1035 1135 intactum
1062 1098 1263 1149 reliquero.
1319 1102 1368 1139 Et
1384 1114 1432 1139 ne
1462 1101 1620 1142 dicenda
1639 1117 1686 1143 ex
1706 1105 1780 1144 levi
1803 1106 1988 1157 quadam,
2015 1109 2050 1147 ἃ
2067 1109 2182 1147 nimis
2199 1120 2287 1160 prae-

185 1150 293 1200 cipiti
310 1148 537 1200 inspectione
556 1147 720 1200 pendere
738 1148 957 1196 videantur,
986 1149 1118 1189 testem
1136 1151 1312 1192 dabimus
1331 1167 1377 1192 ex
1395 1154 1566 1205 pluribus
1589 1169 1736 1204 unum,
1761 1173 1840 1211 reg.
1862 1160 2031 1202 academ.
2051 1160 2290 1202 bibliothecae

186 1201 410 1241 Praefectum
426 1202 546 1240 Praecl.
574 1201 624 1243 Ι),
638 1201 694 1238 ΛΜ.
716 1201 906 1254 Birgeram
929 1202 1101 1251 F'ronclzn,
1133 1205 1200 1255 qui
1214 1206 1295 1245 loca
1324 1205 1404 1245 haec
1425 1208 1550 1247 vitiata
1578 1209 1782 1250 nobiscum
1799 1212 1986 1261 lustravit,
2015 1215 2050 1253 3<
2069 1213 2289 1254 observatio-

189 1267 289 1293 num
308 1253 522 1294 nostrarum
547 1253 665 1294 fidem
691 1255 945 1293 confirmabit.
1000 1258 1246 1297 Revertamur
1272 1258 1434 1310 ideoque
1452 1261 1499 1299 ad
1516 1262 1765 1314 propositum.
1818 1267 1890 1305 Pro
1900 1266 2037 1319 slepith
2053 1266 2093 1307 h.
2112 1269 2139 1308 l.
2158 1280 2287 1306 occur-

187 1308 238 1347 rit
252 1305 297 1347 'in
315 1308 443 1347 codice
456 1306 615 1359 fizenitlz,
640 1305 825 1346 beneficio
854 1307 1111 1362 similitudinis
1138 1310 1418 1348 elementorum
1446 1311 1460 1348 l
1472 1314 1507 1350 ἃ
1526 1327 1567 1355 α,
1592 1327 1636 1351 ac
1645 1329 1677 1365 p
1697 1318 1731 1354 &
1750 1331 1794 1363 u,
1822 1317 1924 1358 facili
1947 1321 2126 1371 negotio,
2149 1320 2289 1360 forma-

189 1372 277 1402 tum
295 1360 460 1411 aslepith
469 1374 485 1404 ,·
511 1359 573 1397 sed
591 1361 725 1396 ductus
745 1358 939 1395 literarum
958 1358 1016 1395 [ά
1027 1371 1059 1408 p
1084 1359 1125 1396 in
1142 1359 1280 1411 slepitlz
1298 1362 1391 1400 adeo
1418 1364 1444 1400 i*
1460 1363 1619 1411 haerent‚
1649 1377 1713 1412 ut,
1741 1369 1884 1408 etiamsi
1906 1372 2005 1409 male
2024 1371 2151 1411 sedula
2168 1385 2290 1412 manu

188 1413 280 1460 mfi,
311 1416 344 1451 ἅ
361 1422 481 1455 novo,
512 1409 636 1447 nescio
654 1421 753 1458 quo,
782 1408 872 1446 fuco
899 1409 1028 1456 obliti,
1054 1412 1222 1462 propiori
1249 1412 1390 1452 obtutu
1421 1414 1673 1455 nihilominus
1694 1419 1906 1460 luculenter
1931 1422 2103 1473 dignosci
2132 1425 2287 1475 poffint.

191 1465 338 1505 Eadem
357 1462 518 1501 omnino
540 1461 684 1498 ratione
703 1460 845 1511 legitur
867 1458 986 1501 Marc.
1009 1473 1050 1508 τ,
1084 1474 1139 1513 39.
1164 1477 1232 1515 pro
1245 1463 1402 1514 skpirlz,
1422 1465 1582 1517 saeuidz:
1610 1482 1683 1507 nec
1706 1484 1785 1510 non
1803 1473 1890 1525 Joh.
1912 1486 1952 1512 11
1970 1503 1979 1520 ‚
2013 1487 2072 1513 12.
2107 1477 2286 1525 Ulterius,

124 1548 127 1552 .
189 1515 332 1558 Matth.
355 1521 398 1562 8,
429 1526 492 1562 24.
515 1523 584 1565 pro
601 1511 708 1564 slep,
735 1523 886 1564 apparet
912 1527 987 1553 vox
1010 1512 1132 1566 spuria
1148 1515 1261 1568 fizema
1296 1520 1388 1558 Luc.
1409 1530 1453 1570 9,
1484 1531 1544 1566 32.
1570 1535 1639 1574 pro
1657 1520 1787 1575 slepa,
1802 1524 1931 1576 strena:
1958 1528 1994 1566 ὅ(
2018 1527 2108 1580 Joh.
2126 1540 2167 1568 11
2183 1558 2195 1578 ,
2222 1542 2287 1577 13.

193 1584 262 1623 pro
274 1568 380 1621 slep,
393 1565 534 1660 ⁸(silwim,⁴
552 1565 623 1605 ubi
639 1565 752 1605 fimul
772 1565 955 1607 oblervari
971 1578 1140 1608 meretur
1155 1565 1199 1607 τδ
1214 1583 1238 1609 n
1254 1583 1376 1612 manu
1400 1575 1618 1623 recentiori,
1648 1588 1766 1628 eaque
1784 1578 1962 1629 inhabili,
1991 1581 2184 1621 adnexum
2200 1582 2286 1632 effe,

185 1624 399 1677 &planca
427 1633 454 1659 u
468 1629 636 1659 tei-mum

134 1699 259 1742 Omni
273 1697 394 1749 igitur
413 1708 500 1734 cura
516 1693 831 1733 immutationem
850 1688 896 1731 τὲ
904 1690 1048 1745 slepan,
1066 1693 1255 1743 incubuit,
1283 1698 1454 1750 quisquis
1472 1698 1634 1749 demum
1643 1701 1718 1743 fuit
1736 1704 1942 1745 audaculus
1961 1706 2165 1754 corre&oi·3
2193 1719 2286 1747 eum

185 1765 277 1792 vero
285 1748 464 1790 non-satis
481 1760 696 1786 memorem
713 1747 849 1797 fuisse„
862 1748 903 1788 id
922 1745 986 1796 est,
1005 1748 1095 1788 bina
1112 1748 1227 1789 huius
1246 1752 1359 1803 vocis,
1379 1754 1420 1791 in
1439 1753 1581 1801 codice,
1600 1757 1680 1796 loca
1691 1758 1914 1809 praeteriisse,
1938 1759 2081 1799 constat
2100 1774 2146 1801 ex
2161 1758 2284 1800 Marc.

187 1818 234 1854 4,
263 1815 322 1849 27-
353 1802 422 1842 ubi
439 1800 735 1840 luculentiffime
759 1800 884 1840 adhuc
909 1803 1050 1854 legitur
1064 1801 1224 1854 slepith,
1252 1818 1332 1844 non
1350 1805 1508 1857 fite-with,
1535 1819 1581 1856 4,
1613 1817 1672 1856 38.
1689 1809 1862 1862 slepands
1883 1826 1962 1852 non
1974 1811 2159 1864 flzeuands.
2213 1815 2284 1853 His

189 1857 377 1909 cognitis,
404 1855 513 1894 facile
536 1868 616 1893 non
641 1867 759 1894 nemo
785 1866 1000 1895 enervatam
1027 1856 1171 1895 iudicet
1197 1855 1494 1909 observationem
1514 1859 1672 1913 ‹ie-voce
1677 1862 1810 1915 saevit,
1837 1865 1879 1904 in
1898 1865 2032 1905 differt.
2054 1867 2101 1907 de
2117 1865 2286 1907 versione

188 1912 258 1955 lv.
285 1909 465 1961 Evangel.
486 1906 647 1948 Gothica
666 1907 702 1956 ᾗ.
725 1907 787 1946 111.
810 1918 891 1947 not.
911 1919 948 1958 φ.
962 1938 972 1957 ,
1002 1921 1245 1961 quanquam,
1273 1921 1318 1950 ut
1336 1913 1482 1951 veritati
1509 1913 1684 1964 litemus,
1714 1917 1866 1970 culpam
1890 1918 1987 1958 hanc
2013 1918 2118 1960 facile
2135 1933 2158 1959 a
2173 1919 2207 1959 se
2228 1934 2283 1960 re·

186 1963 351 2004 moverit
367 1962 496 2002 auctor
516 1961 688 2001 eiusdem
709 1960 838 2014 Georg.
852 1962 915 2001 Fr.
932 1961 1122 2014 Heupelius
1131 1975 1148 2008 ,-
1173 1975 1298 2014 quum
1316 1965 1420 2005 illam
1439 1979 1518 2005 non
1536 1967 1582 2007 de
1599 1967 1677 2016 suo,
1706 1967 1769 2008 sed
1786 1971 1831 2010 de
1849 1975 2082 2024 promtum-io
2102 1973 2283 2013 ditiss'imo

188 2016 307 2058 celeb.
330 2013 532 2062 Radbeckii,
560 2014 706 2055 Atlant.
736 2016 841 2053 Tom
870 2015 897 2052 Ι.
933 2027 964 2054 c.
984 2026 1029 2063 7,
1065 2015 1101 2064 ᾗ.
1123 2029 1161 2066 ς.
1190 2030 1227 2067 p.
1247 2019 1334 2065 246.
1363 2019 1618 2072 depromserit.
1674 2023 1800 2064 Verba
1819 2025 2020 2065 acutiffimi
2039 2025 2283 2080 Polyhistoris

187 2070 267 2111 haec
292 2067 398 2108 sunt:
447 2065 602 2119 „A'ffi'm's
632 2067 730 2114 huic,
757 2066 944 2117 (nimium
970 2071 1084 2109 errori
1109 2070 1280 2110 lectionis
1308 2073 1355 2110 τέ
1371 2071 1522 2112 ubizwaz'
1541 2103 1551 2122 ‚
1585 2075 1670 2127 Joh.
1697 2087 1763 2126 10,
1795 2091 1856 2125 23·
1894 2092 2011 2131 quem
2040 2082 2081 2120 in
2109 2081 2284 2132 proxime

187 2120 489 2176 praecedentibus
516 2122 595 2159 veri
627 2119 789 2160 fimilem
814 2121 968 2171 reddit)
1005 2122 1078 2174 „est
1103 2137 1206 2162 error
1232 2124 1270 2161 in
1298 2124 1447 2176 quodam
1479 2125 1547 2164 Ioco
1575 2127 1716 2168 Matth.
1739 2146 1782 2181 9,
1805 2145 1866 2179 24.
1904 2131 2051 2172 deteftus
2076 2146 2192 2186 nuper
2209 2146 2282 2184 per

145 2196 147 2199 ·
188 2175 266 2224 „CL
291 2176 327 2212 V
325 2173 465 2217 erehum
488 2170 666 2222 reb'liffime
692 2172 854 2225 legentem
870 2175 1004 2226 saevit,
1026 2189 1099 2227 pro
1120 2176 1168 2215 CI.
1187 2176 1342 2217 Derreri
1357 2177 1495 2230 saevit,
1520 2180 1554 2218 8<
1575 2180 1625 2220 cl.
1643 2180 1744 2229 Jun⁴
1761 2182 1902 2234 slapit:
1933 2192 2030 2223 cuius
2054 2188 2185 2225 erroris
2212 2185 2283 2223 alia

189 2229 314 2277 „origo
340 2224 435 2261 nulla
456 2234 593 2274 praeter
607 2222 869 2273 fimilitudimm
893 2225 1077 2264 literarum
1104 2228 1168 2266 l&
1189 2242 1229 2275 a,
1256 2231 1337 2268 item
1347 2245 1375 2281 p
1394 2231 1429 2268 ὅ(
1450 2244 1484 2269 u.
1497 2259 1520 2278 „
1583 2235 1729 2274 Notare
1754 2236 1911 2276 fiiffieit:
1954 2239 1996 2288 1)
2013 2239 2172 2287 Junium
2199 2251 2280 2277 non

188 2277 319 2330 legisse
333 2275 472 2328 slapit,
499 2273 562 2312 sed
583 2273 740 2326 slepith:
797 2277 836 2326 2)
863 2277 1084 2316 Lectionem
1109 2279 1155 2315 τῦ
1167 2278 1282 2330 saevit
1306 2282 1467 2320 alienam
1494 2282 1565 2321 effe
1592 2297 1613 2322 a
1637 2285 1815 2337 [criptura
1840 2289 2004 2336 codicis3
2029 2300 2279 2342 praeterquam

188 2333 316 2377 enim,
341 2328 467 2380 quod,
496 2338 611 2379 prout
634 2328 881 2376 monuimus,
909 2343 985 2369 vox
1011 2329 1055 2369 fit
1080 2342 1275 2384 corrupta,
1301 2335 1444 2386 legitur
1466 2333 1617 2387 insuper
1632 2336 1791 2388 saeuith,
1821 2352 1912 2380 cum
1936 2355 1961 2381 u
1980 2343 2120 2391 vocali,
2146 2356 2228 2384 non
2243 2358 2280 2383 w

188 2383 436 2429 consonante,
463 2381 498 2420 ἃ
519 2393 612 2420 cum
632 2380 671 2419 th
689 2381 730 2420 in
745 2379 841 2430 fine,
868 2395 949 2422 non
975 2381 1136 2436 fimplici
1160 2395 1189 2425 t.

135 2456 179 2510 ²⁶¹)
202 2456 310 2503 Editio
331 2456 401 2494 ita:
432 2452 554 2494 codex
578 2448 957 2507 habet'gaulauky'ats‚
986 2455 1091 2507 quod
1115 2457 1304 2498 mendum
1332 2458 1418 2499 dico
1445 2460 1703 2511 amanuenfis,
1730 2477 1835 2516 aeque
1861 2478 1902 2505 ac
1914 2464 2115 2517 gaulaubeis
2131 2468 2216 2521 Joh.
2241 2473 2280 2520 9,

194 2512 254 2557 3'5.
280 2521 350 2561 pro
369 2520 447 2560 quo
460 2507 666 2546 emendate
685 2507 998 2559 legunteditores
1011 2508 1203 2563 galaubeis,
1228 2524 1249 2550 a
1261 2525 1331 2565 ga,
1358 2526 1569 2566 augmento
1580 2516 1796 2557 Gothorum
1812 2518 2063 2568 ufitatissimo,
2093 2522 2128 2559 ὃ(
2146 2520 2280 2571 Iauben,

189 2559 346 2609 credere,
371 2559 480 2610 fidem
509 2558 652 2608 habere,
679 2559 795 2612 quodss
811 2559 864 2600 est
882 2573 904 2601 a
920 2574 1013 2602 voce
1029 2563 1172 2604 Celtica
1198 2563 1286 2614 law,
1311 2579 1436 2615 manu,
1464 2567 1553 2609 fidei
1577 2568 1721 2610 solenni
1745 2573 1916 2624 pignore.
1971 2573 2105 2614 Confi.
2126 2573 2276 2616 Wacla.

188 2616 274 2654 Le
315 2619 442 2664 1¹·593
474 2609 650 2664 &94³

132 2684 202 2737 7**)
228 2685 290 2725 Sic
313 2684 410 2724 reste
436 2685 481 2726 Β.
499 2684 535 2723 &
553 2687 588 2738 J.
641 2681 787 2725 Eadem
813 2683 865 2726 est
887 2684 1098 2729 differentia
1122 2690 1221 2728 inter
1247 2688 1353 2740 goth.
1372 2691 1557 2743 quithands
1583 2696 1618 2734 8<
1636 2696 1819 2749 quithans,
1842 2711 1884 2738 ac
1907 2699 2004 2738 inter
2018 2698 2082 2740 lat.
2108 2696 2221 2739 dicens
2237 2699 2275 2739 &

117 2786 118 2789 Ἴ
187 2737 317 2786 didius,
345 2748 513 2788 quorum
537 2751 618 2778 non
640 2738 736 2787 hoc,
764 2737 828 2799 fied
844 2739 939 2779 illud
953 2740 989 2780 h.
1012 2742 1035 2782 l.
1057 2743 1177 2795 exigit
1201 2741 1334 2782 sensus.

133 2808 178 2858 d)
202 2809 258 2846 Ita
277 2809 440 2849 omnino
459 2811 502 2849 B.
558 2810 583 2860 J
614 2810 648 2848 ὅ(
667 2810 723 2852 δι.
741 2812 780 2851 ni
797 2814 834 2850 in
851 2812 958 2853 aiwa.
977 2813 1050 2853 vid.
1074 2809 1196 2856 Mas-c.
1216 2829 1251 2864 2,
1281 2828 1341 2854 12.
1370 2816 1486 2856 Graec.
1505 2814 1607 2868 αἰῶν,
1635 2820 1748 2860 Goth.
1767 2823 1856 2871 aim,
1881 2824 1960 2864 Lat.
1983 2836 2114 2873 evum,
2136 2822 2273 2867 Island.

138 2897 141 2899 ,
187 2860 268 2912 εῙέ.
295 2862 404 2902 Suec.
423 2861 553 2913 adjeci,
575 2860 692 2914 cizozjg,
714 2865 889 2905 eiusdem
906 2864 978 2906 effe
991 2866 1162 2916 familiae,
1191 2868 1332 2922 oppido
1358 2869 1520 2921 patescit.

134 2933 173 2986 e)
186 2934 311 3031 ἒὲἕὶῑ
332 2935 364 2972 ἐν
390 2937 441 2987 τῷ
465 2932 766 2991 '103m52,‹·quod‘
787 2938 887 2982 bene
910 2939 1117 2983 transtulit:
1143 2943 1181 2985 in
1206 2941 1350 2996 tfraela5
1375 2943 1504 2988 vitiose
1533 2947 1652 3001 igitur
1672 2948 1810 3001 legunt
1827 2949 1920 2992 editi
1935 2956 1974 2992 in
1988 2920 2146 3005 ffi‘afflan.
2177 2950 2273 2995 vid,

274 3018 281 3030 ·
306 3002 325 3028 2
340 3016 351 3037 2
388 3001 452 3040 34·
941 3008 946 3023 ¹
1512 3018 1513 3021 ’
