2473 3380
866 171 869 177 ,
908 128 974 181 Μ
1000 127 1051 180 Α
1087 130 1126 184 R
1160 127 1204 185 C
1231 130 1278 185 Ῑ.
1366 130 1460 186 XI
1465 130 1532 188 V.
2228 149 2293 201 35

102 249 179 303 59.
210 233 520 289 weitwoditha.
545 235 597 301 h)
657 233 716 303 J.
751 237 795 289 δε
827 241 892 294 St.
924 241 1157 290 weitwodi-
1237 255 1314 304 59.
1349 241 1693 296 Testimonium.

170 305 306 354 ditha.
442 335 445 337 ,

100 375 179 422 62.
207 371 284 434 jah
325 369 566 433 galaiqhith
602 371 731 419 thana
765 371 876 421 sunu
919 390 1074 423 manns
1111 368 1165 422 af
1233 382 1314 426 62.
1347 378 1417 423 Et]
1441 375 1646 424 videbitis
1676 368 1826 423 filium'
1859 369 2055 424 hominis
2081 391 2106 425 a
2140 374 2288 430 dextrn

164 438 380 484 taihswon
392 437 634 504 sitandam
654 441 691 500 i)
725 440 924 490 mahtais.
1297 439 1513 490 sedentem
1534 441 1765 505 potestatis.

97 503 182 563 ὃς.
212 503 286 565 jah
320 501 571 571 kaupatJ‘an
597 503 648 568 k)
686 507 773 556 ina.
1232 509 1312 564 65.
1341 510 1398 554 Et
1420 509 1697 570 colaphizare
1729 522 1849 558 eum·

99 568 162 616 ib.
197 584 287 617 ana
312 571 410 618 vlit.
459 574 504 620 B.
525 589 604 618 ana
630 573 730 621 virt.
765 600 784 609 -
817 600 834 610 -
966 604 970 605 ν
1233 571 1343 620 ibid.
1378 574 1424 619 in
1450 572 1624 624 faciem.

95 639 179 684 66.
199 633 292 699 jah
315 634 530 702 abciddja
547 636 590 700 l)
619 639 716 684 aina
734 638 887 702 thiujo.
1233 643 1314 688 65.
1346 640 1404 686 Et
1430 642 1546 688 venit
1577 656 1660 687 una
1688 638 1955 688 ancillarum}

512 706 622 765 Cap.
643 706 746 750 XV:
1631 707 1742 767 Cap.
1766 708 1867 752 XV:

99 778 142 816 1.
167 765 382 833 gudjam.
409 769 478 832 m)
512 767 567 835 J.
585 771 628 817 &
646 769 719 819 St.
746 765 988 831 gudgandsJ
1232 782 1279 818 Ι.
1312 769 1573 822 Sacerdotes,

95 845 143 883 2.
178 834 383 883 thiudans
410 835 570 886 iudaie.
602 837 653 896 n)
1229 849 1274 886 2.
1310 837 1399 881 Rex
1426 836 1698 898 Judaeorum.

94 910 145 955 9.
176 900 356 950 wileidu
376 900 607 966 fraleitan
636 903 678 962 o)
718 900 840 946 izwis
878 898 1009 946 thana
1035 896 1154 947 thiu-
1230 915 1276 960 9.
1320 902 1465 954 ,Vultis
1504 901 1724 948 dimittam
1766 897 1893 948 vobis
1923 902 2086 963 Regem
2113 905 2286 969 Judae·.‡

163 965 244 1011 dan
265 968 426 1017 iudaie.
1297 972 1430 1018 rum?

100 1045 174 1082 11.
208 1033 248 1078 ei
276 1035 385 1080 mais
415 1031 631 1080 barabban
648 1028 854 1078 fralailoti
877 1034 951 1080 im.
963 1032 1020 1096 p)
1235 1047 1310 1082 11.
1344 1037 1407 1080 Ut
1420 1035 1570 1094 potins
1598 1031 1862 1080 Bari-abbam
1893 1033 2129 1084 dimitteret
2152 1036 2218 1086 iia

97 1110 173 1159 17.
194 1095 514 1164 thaurneinaq)
534 1099 678 1161 wipja.
694 1097 997 1146 St.thaurneia
1007 1097 1152 1160 wipja.
1233 1112 1309 1160 17.
1337 1101 1551 1159 'Spineam
1592 1116 1836 1146 coronams
2130 1094 2133 1098 ⁴

93 1174 176 1211 21.
211 1160 402 1211 seimona
426 1164 676 1232 kyreinaiu.
701 1166 749 1226 r)
1229 1180 1307 1214 21.
1341 1167 1567 1211 Simonem
1589 1168 1863 1228 Cyrenaeum.

94 1235 173 1284 28.
203 1227 466 1292 usfullnoda
511 1233 554 1291 s)
591 1230 664 1280 St.
691 1225 949 1279 usfulnoda.
1229 1239 1312 1286 28,
1347 1231 1584 1291 Impletum
1605 1230 1679 1279 est.

93 1293 153 1342 ib.
182 1294 256 1357 jah
282 1297 395 1343 mith
413 1296 639 1360 unsibjaim
667 1293 877 1342 rahniths
897 1297 936 1355 t)
963 1311 1061 1342 was,
1194 1315 1197 1317 ·
1225 1296 1288 1344 ib.
1322 1299 1377 1342 Et
1403 1311 1502 1341 cum
1531 1293 1740 1341 sceleratis
1773 1310 2026 1345 numeratus
2051 1314 2154 1349 erat.

96 1373 175 1421 37,
206 1360 280 1421 jah
306 1359 518 1409 faurahah
540 1362 643 1409 alhs
661 1364 705 1419 v)
733 1359 1048 1408 disskritnoda.
1231 1376 1310 1423 37.
1346 1364 1402 1405 Et
1420 1361 1567 1406 velum
1586 1361 1742 1422 templi
1770 1360 2118 1414 disscindebatur.

96 1439 177 1488 39.
210 1423 367 1476 tlaeatei.
386 1429 444 1485 x)
479 1428 555 1477 St.
582 1424 731 1475 tharai.
1232 1441 1307 1488 39.
1343 1426 1494 1488 Quod.

1260 1494 1299 1537 Ε
1336 1507 1364 1541 2
2203 1514 2285 1563 43·

139 1621 183 1671 12)
207 1621 253 1662 Β.
270 1621 386 1673 reste,
414 1622 450 1660 ὃ(
471 1618 522 1659 fic
541 1631 695 1672 quoque
713 1619 751 1671 J,
773 1619 806 1660 ὅ(
825 1620 878 1660 St.
903 1619 944 1660 in
963 1617 1164 1659 Glofl'ariis.

141 1677 173 1726 ι)
200 1675 236 1726 J.
258 1676 294 1713 ὃ(
312 1674 365 1714 St.
385 1671 530 1723 astum,
554 1672 698 1724 fidere5
723 1672 765 1710 in
779 1673 909 1712 codice
927 1684 1076 1721 autem,
1102 1686 1148 1711 ex
1166 1683 1273 1711 more
1294 1669 1479 1723 loquendi
1505 1670 1712 1720 continuo,
1754 1674 1964 1726 elegantius
1997 1674 2158 1716 habetur
2176 1674 2288 1729 fitan-

199 1725 289 1766 dan:
305 1725 501 1778 fidentem:
523 1726 561 1764 ἃ
584 1723 634 1764 fic
658 1724 775 1777 probe
796 1728 838 1766 Β.

142 1776 190 1833 k)
215 1780 275 1818 Sic
289 1782 323 1832 J.
344 1781 378 1818 ἃ
396 1781 439 1817 Β.
492 1779 651 1818 Mallem
669 1791 758 1816 cum
778 1778 930 1818 Stiernlz.
950 1778 1162 1830 raupafjan,
1190 1790 1207 1815 a
1229 1790 1335 1828 graec.
1357 1773 1536 1827 ςωπίζειν,
1564 1783 1686 1829 virga,
1714 1776 1848 1826 baculo,
1874 1777 1978 1829 fuste
2000 1780 2059 1819 vel
2076 1780 2205 1832 palmis
2228 1792 2286 1820 ειε-

197 1831 297 1879 dere,
324 1831 463 1882 alapam
481 1829 651 1885 irfiigere,
674 1830 735 1871 [ed
753 1832 861 1871 lectio
880 1831 1022 1872 'indicis
1040 1831 1222 1883 praevalet.
1270 1830 1409 1880 Junius
1424 1830 1536 1869 refert
1551 1830 1599 1869 ad
1616 1831 1734 1882 Angl.
1752 1843 1786 1869 to
1805 1830 1915 1883 cuffe,
1948 1831 2104 1884 colaphos
2118 1836 2271 1887 ingerere
2279 1849 2289 1871 .··

193 1883 277 1927 vid,
293 1883 405 1924 Gloff.
429 1883 545 1926 Goth·
564 1898 600 1936 p.
625 1895 712 1935 219.

143 1936 183 1987 l)
212 1938 345 1976 Codex
362 1939 398 1976 8<
414 1939 458 1977 B.
476 1939 540 1978 ita.
594 1939 631 1989 J.
650 1938 685 1976 ἅ
705 1938 755 1976 St.
777 1936 906 1990 atidja,
929 1947 1042 1989 atque
1065 1936 1158 1976 adeo
1177 1936 1362 1976 omittunt
1382 1948 1502 1975 unam
1515 1964 1526 1984 ,
1555 1936 1787 1989 alteramque
1814 1949 1948 1976 vocem
1972 1947 2236 1990 corrumpunt.

145 1991 200 2040 m)
224 1992 269 2031 Β.
289 1991 349 2029 ita.
404 1990 477 2029 vid.
497 1990 593 2029 dicia
608 1990 656 2029 ad
675 1989 803 2029 Matth
837 2002 897 2037 27,
917 1991 955 2029 6.

144 2044 187 2092 n)
212 2044 266 2082 St.
284 2042 400 2085 habet
406 2042 546 2094 judaie:
579 2045 614 2094 J.
635 2044 669 2082 ἅ
689 2045 717 2081 Β
746 2043 854 2082 recle.

142 2100 186 2146 a)
213 2095 367 2135 Codicis
383 2096 493 2135 leffio
513 2097 680 2147 genuina
698 2094 769 2136 est:
797 2093 1136 2146 wileidzgf'raleimn,
1164 2107 1247 2147 quae
1264 2092 1313 2132 {ic
1342 2093 1500 2145 quidem
1519 2093 1727 2147 refragatur
1742 2094 2111 2145 Juuio-Stiernlzelffi
2135 2095 2250 2135 wileid
2262 2097 2292 2134 ei

187 2146 388 2197 fraleitan,
416 2149 450 2186 ἃ
467 2150 509 2186 Β,
535 2146 863 2197 wileidfraleitam,
894 2149 929 2185 ἃ
953 2147 1108 2186 tandem
1126 2148 1200 2194 illi,
1236 2160 1354 2198 quam
1378 2161 1446 2186 nos
1473 2161 1598 2186 veram
1624 2147 1894 2200 supponimus,
1928 2150 2099 2195 leffion13
2133 2160 2170 2188 at
2192 2150 2290 2188 male

198 2197 382 2237 cohaerere
399 2198 559 2237 Gothica
576 2211 714 2244 nemo,
742 2199 806 2236 cui
831 2200 993 2249 contigit
1016 2199 1075 2236 vel
1097 2199 1240 2237 tan-tilla
1265 2200 1406 2249 linguat
1422 2201 1573 2249 peritia,
1609 2214 1690 2238 non
1715 2201 1836 2239 videt:
1871 2201 2050 2240 levissima
2072 2202 2191 2252 igitur
2207 2214 2288 2253 pei·-

200 2251 414 2289 mutatione
432 2249 478 2287 τέ
495 2263 519 2288 n
536 2250 576 2288 in
594 2263 636 2297 u,
664 2250 814 2296 locum,
843 2251 877 2288 ἃ
896 2263 972 2301 qua
987 2247 1146 2296 sensum,
1175 2251 1211 2288 ὃς
1231 2262 1307 2300 qua
1325 2249 1453 2288 codice
1473 2250 1697 2289 familiarem
1717 2251 1957 2290 construendi
1971 2255 2157 2291 rationem
2169 2281 2178 2299 ‚
2206 2253 2288 2291 red·

203 2303 335 2343 dimus
352 2301 612 2355 perspicuum,
640 2301 777 2342 Marth.
799 2313 860 2349 27,
878 2313 942 2353 49.
962 2303 1082 2341 Marc.
1096 2314 1111 2340 1
1123 2314 1156 2350 5,
1179 2301 1240 2348 36.
1294 2300 1422 2341 Potest
1440 2312 1568 2341 tamen
1576 2301 1757 2353 fraleitan
1775 2303 1909 2355 paffive
1925 2305 2030 2352 verti,
2050 2305 2163 2345 vultis
2181 2305 2289 2345 vobis

199 2355 352 2396 demitti
369 2368 501 2407 regem
511 2355 734 2407 Judaeorum
746 2354 763 2392 ’ἒ

119 2441 122 2445 .
142 2410 191 2461 p)
215 2410 306 2461 J..&
326 2409 379 2449 St.
399 2406 545 2460 prorsus
562 2418 691 2449 contra
705 2406 854 2459 regulas
871 2407 1135 2458 grammatices
1153 2406 1308 2457 legunt:
1336 2407 1403 2446 im.
1465 2408 1507 2447 Β.
1529 2417 1658 2447 autem
1679 2407 1831 2447 reffius.

148 2465 192 2511 q)
217 2461 278 2501 Sic
295 2462 337 2500 B.
356 2462 391 2500 8<
407 2462 434 2513 J
500 2463 612 2501 Error
631 2461 790 2499 omnino
808 2459 1037 2511 typographi
1056 2458 1155 2510 apud
1172 2460 1227 2499 St.
1252 2460 1321 2510 qui
1339 2458 1456 2510 probe
1474 2460 1585 2510 legit:
1610 2460 1846 2498 tham-neman
1860 2461 1975 2512 waip,
2009 2461 2097 2514 Joh.
2119 2472 2179 2513 19,
2201 2473 2238 2510 ς.

150 2517 192 2565 r)
217 2515 258 2551 B.
277 2513 488 2553 emendate.
543 2515 579 2566 J.
599 2514 634 2552 ἃ
651 2514 704 2552 St.
724 2511 958 2562 kyreinaium;
987 2510 1050 2550 sed
1064 2513 1126 2554 Μ.
1150 2511 1268 2551 Gothi
1283 2510 1387 2550 haud
1412 2511 1622 2563 agnoscunt
1648 2511 1750 2552 casus
1769 2515 1892 2565 quarti
1918 2515 2226 2553 terminationem
2250 2513 2292 2554 in

201 2578 283 2611 ιη’-ις
309 2576 354 2605 ut
368 2578 451 2617 quae
467 2565 761 2611 tantummodo,
788 2565 830 2603 in
844 2564 1065 2603 nominibus
1081 2565 1299 2612 nonnullis,
1336 2566 1521 2617 competit
1544 2565 1670 2606 dativo
1694 2567 1846 2607 numeri
1875 2567 2156 2617 multitudiuis,
2189 2569 2225 2608 8<
2250 2569 2293 2608 in

201 2617 343 2664 verbis,
369 2619 500 2670 primae
515 2617 678 2669 personae
700 2617 830 2669 plural.
883 2618 1147 2658 raeteritorum.

149 2672 184 2721 s)
210 2672 264 2709 Ita
283 2672 325 2708 B.
344 2671 379 2708 8(
397 2670 438 2722 J.v
452 2672 547 2721 quin
564 2671 600 2709 ὃ(
617 2672 670 2709 St,
695 2671 735 2708 in
752 2670 823 2708 Glo
855 2670 944 2708 ario.

150 2726 186 2775 t)
210 2725 246 2775 J.
271 2725 304 2762 ὅ(
325 2723 379 2764 St.
401 2721 509 2760 obliti
526 2722 803 2761 terminationis
820 2723 1102 2774 participiorum
1144 2721 1365 2769 amm-um,
1391 2732 1494 2774 praet.
1520 2724 1722 2776 temporis,
1757 2722 1910 2764 mascul.
1938 2724 2109 2776 generis,
2135 2725 2292 2778 legunt:

205 2774 351 2866 ralmitgz
362 2804 371 2820 ‚
398 2773 438 2813 id
457 2774 562 2826 quod
583 2773 790 2815 observavit
805 2773 948 2815 Hickes.
964 2776 1007 2815 in
1022 2775 1087 2815 Th
1124 2788 1202 2816 aun
1226 2776 1262 2814 3<
1279 2776 1407 2816 Gram,
1426 2779 1476 2816 A.
1494 2778 1534 2819 S.
1551 2780 1589 2816 ὅ(
1600 2775 1662 2820 Μ.
1681 2779 1727 2818 G.
1743 2791 1783 2830 p.
1808 2789 1867 2827 50,
1885 2778 1922 2818 ἅ
1944 2780 2032 2821 Rev.
2050 2776 2160 2818 Rem,
2177 2779 2294 2831 probe

204 2840 320 2868 emen
348 2837 434 2866 avit.
529 2862 531 2864 .

154 2882 201 2932 v>
226 2883 271 2921 In
289 2879 419 2920 codice
437 2879 596 2919 habetur
612 2878 682 2927 als,
704 2877 782 2918 fine
797 2877 1062 2931 adspiratione,
1089 2879 1195 2933 quod
1211 2880 1350 2919 vitium
1373 2877 1424 2919 est
1439 2880 1597 2925 librarii·

153 2937 202 2984 x)
225 2935 271 2974 Β.
291 2933 326 2974 8<
346 2935 382 2987 J.
400 2933 518 2982 reae,
542 2932 655 2972 thatm·
672 2929 724 2972 est
747 2945 822 2972 vox
838 2933 970 2982 nauci,
995 2945 1114 2986 quam
1138 2942 1246 2975 antea
1261 2932 1484 2975 delevimus.
