2473 3380
944 80 1268 136 LUCAE.
1343 84 1444 137 IX.
2220 97 2286 156 67

79 205 164 254 40.
197 190 270 253 jab
298 188 402 237 bath
415 188 651 255 stponjans
677 187 892 248 theinans,
912 191 958 257 s)
993 198 1034 244 ei
1068 212 1139 245 us-
1217 209 1301 258 40.
1337 198 1393 243 Et
1420 196 1573 258 rogavi
1602 192 1841 256 discipulos
1870 213 1993 256 tuos,
2027 214 2076 249 ut
2104 204 2283 266 expelle·

145 256 352 306 dribeina
370 261 405 317 t)
428 259 566 302 imma
581 256 654 319 jah
676 260 722 303 ni
749 257 1004 313 mahtedun.
1024 264 1074 323 v)
1283 277 1380 309 rent
1400 280 1517 319 eum,
1545 263 1587 310 ἃ
1612 279 1702 309 non
1722 279 1978 324 potuerunt.
2177 314 2181 319 ,

73 337 156 386 41.
191 319 477 387 andhafjands
517 324 621 369 than
662 322 788 371 iaisus
831 328 978 387 quath.
1013 333 1076 390 x)
1112 347 1140 376 o
1216 343 1300 390 41.
1331 327 1611 391 Respondeas
1638 345 1784 376 autem
1806 328 1929 394 Jesus
1950 332 2081 383 dixit:
2109 351 2136 382 o
2155 353 2280 398 gene·

141 387 251 439 kuni
270 390 324 457 y)
359 390 710 452 ungalaubjando
728 391 799 453 jah
820 394 1028 447 inwindo.
1048 395 1146 447 und
1285 398 1397 442 ratio
1441 396 1662 443 incredula
1696 396 1738 443 ὅ(
1770 396 1992 458 perversa,
2047 417 2280 463 quousque

141 460 342 522 qhastau
360 469 411 505 at
432 460 564 505 izwis
577 454 661 520 jah
682 457 845 508 tlnelaa
869 465 1013 511 izwis.
1062 473 1141 512 at·
1285 462 1616 509 ero-vobiscum
1636 462 1678 509 &
1694 462 1892 511 tolerabo
1922 465 2033 516 vos?
2068 466 2208 515 adduc
2233 469 2280 517 fi-

142 522 244 573 tiulz
266 521 406 573 thana
418 521 544 588 stcnu
564 523 776 574 theinana
796 524 958 577 hidrei,
980 528 1036 590 z)
1285 527 1397 574 lium
1432 544 1560 576 tuum
1592 530 1696 578 huc.

71 603 154 652 42.
187 588 358 640 dmruh
383 588 616 639 nauhtlzan
642 591 1036 660 duatgaggandan
1061 597 1139 643 ina
1215 604 1294 655 42.
1328 595 1488 640 Adhuc
1521 611 1667 642 autem
1701 594 1926 644 accedente
1957 597 2036 645 illo
2073 598 2282 648 convulsit

133 656 316 724 gabrak
342 662 419 706 ina
439 660 487 719 a)
523 656 565 704 sa
591 658 826 708 unhultha.
868 660 942 722 jah
972 660 1136 709 tahida.
1280 677 1383 707 eum
1414 660 1711 717 daemonium,
1744 662 1787 708 ἃ
1809 662 2024 714 laceravit.
2081 668 2281 713 Commi-

137 724 373 785 gaqhotida
391 725 494 772 than
524 723 652 772 iaisus
669 722 824 774 ahmin
849 723 906 784 b)
938 726 1135 774 thamma
1278 725 1465 774 nabatur
1491 742 1635 773 autem
1661 726 1785 791 Jesus
1816 727 1994 792 spiritui
2023 732 2277 783 immundo.

67 792 907 919 48ll¹alilird³di1dlirilthcihanafindj‘andan
931 856 985 918 d)
1021 857 1131 903 mik.
1208 865 1291 919 48.
1333 858 1507 918 Eccipit
1538 859 1784 905 mittentem
1813 875 1905 916 me,
1949 857 2162 921 quoniam
2196 868 2277 914 mi.

133 941 235 972 unte
263 922 306 972 sa
342 923 545 971 minnista
580 920 761 969 wisands
801 924 847 968 in
883 924 1044 973 allaim
1084 923 1130 987 e)
1275 927 1425 970 nimus
1453 921 1629 970 existens
1662 926 1774 971 inter
1801 943 1878 972 vos
1906 944 2074 978 omneS.

131 1007 268 1041 leIS.

62 1072 147 1116 49.
182 1073 273 1105 ana
295 1053 357 1119 f)
394 1055 663 1100 theinamma
691 1056 857 1104 namin.
1205 1071 1288 1117 49.
1323 1058 1404 1103 Per
1427 1070 1554 1103 tuum
1585 1072 1766 1107 nomen.

66 1139 142 1186 50.
178 1125 222 1168 ni
254 1121 435 1183 warjith.
470 1136 573 1167 unte
598 1118 677 1167 saei
709 1120 790 1167 nist
809 1121 962 1168 withra
991 1122 1129 1173 izwis.
1211 1137 1273 1185 50
1321 1126 1395 1169 Ne
1422 1122 1676 1184 prohibete,
1713 1125 1816 1184 quia
1844 1127 2032 1186 quinon
2050 1125 2109 1174 est
2128 1144 2278 1177 contra
2340 1128 2343 1130 “

126 1187 228 1237 faur
248 1190 367 1235 izwis
394 1187 467 1234 ist:
504 1191 552 1236 ni
571 1187 766 1237 ainshun
785 1187 877 1237 auk·
897 1191 949 1256 ι“β
968 1205 1130 1238 manne
1267 1207 1373 1246 vos,
1409 1205 1495 1250 pro
1523 1189 1649 1236 vobis
1680 1190 1758 1236 est:
1796 1209 1874 1239 nec
1906 1193 2023 1240 ullus
2054 1193 2112 1241 est
2132 1196 2275 1243 homi-

115 1255 214 1321 fizei
243 1260 290 1304 ni
314 1252 605 1348 &awaurkjai
625 1253 752 1305 maht
775 1258 822 1305 in
843 1260 994 1305 namin
1017 1259 1128 1306 mei·
1272 1272 1383 1302 num
1415 1257 1492 1317 qui
1518 1272 1607 1302 non
1627 1252 1760 1304 faciat
1786 1259 1995 1307 miracula
2022 1261 2069 1307 in
2094 1264 2274 1310 nomine

124 1338 321 1372 namma.
361 1325 380 1382 )
746 1359 747 1362 η
1271 1339 1390 1370 mee.

1201 1391 1223 1435 1
1261 1405 1288 1438 2
2033 1459 2035 1461 ι
2196 1408 2272 1455 ςῐ.

108 1503 142 1553 5)
163 1504 202 1555 J.
226 1503 259 1541 ἃ
279 1503 332 1541 St.
351 1498 617 1552 bathfiponiam
635 1499 820 1548 thanaim,
852 1499 920 1553 ipsi
948 1515 1036 1541 vero
1061 1503 1102 1540 in
1120 1498 1315 1540 Glossariis
1343 1498 1662 1542 constructionem
1689 1502 1794 1543 verbi
1811 1501 1951 1555 bidjan,
1987 1518 2067 1545 non
2099 1507 2169 1547 nisi
2184 1506 2277 1549 cum

163 1554 373 1595 accusativo
392 1563 642 1593 annotarunt:
672 1552 788 1604 idque
807 1555 923 1593 etiam
942 1569 988 1594 ex
1006 1554 1080 1594 hoc
1099 1555 1182 1594 loco
1210 1552 1389 1606 cognosci
1407 1553 1539 1605 potest.

108 1611 143 1659 t)
171 1611 207 1662 J.
229 1610 262 1648 δ’(
285 1610 338 1648 St.
358 1609 387 1646 ez·
404 1609 653 1659 uswairpana:
692 1606 817 1658 quod,
850 1606 877 1646 fi
900 1608 1050 1648 Gothus
1078 1608 1274 1661 probaret,
1314 1606 1527 1646 secundum
1552 1609 1701 1661 regulas
1729 1607 1826 1650 foret
1853 1613 1884 1649 ez*
1908 1614 2181 1665 mwaurpeina5
2214 1613 2278 1656 sed

161 1663 327 1715 legimus
344 1659 556 1706 usdribeina,
581 1673 650 1711 pro
671 1673 748 1711 quo
765 1661 808 1700 B.
831 1659 1062 1709 usdreibeina,
1099 1662 1135 1701 8<
1154 1660 1203 1700 fic
1223 1663 1342 1703 Marc.
1361 1671 1398 1712 9,
1424 1668 1483 1704 18.

105 1717 152 1766 v)
179 1718 217 1768 J.
239 1711 474 1754 malitidedun
531 1714 585 1752 St.
612 1711 815 1751 mahtidun:
842 1724 1054 1767 utrumque
1073 1725 1312 1768 corruptum.
1366 1727 1405 1755 v·
1433 1711 1532 1753 Luc.
1554 1727 1615 1762 20,
1637 1713 1700 1756 26.

106 1792 151 1842 x)
163 1789 214 1880 ij·
235 1789 266 1827 δε
289 1787 340 1850 ξπ.
361 1784 510 1849 addunt
528 1784 575 1824 du
592 1787 659 1833 im,
689 1785 829 1837 quibus
848 1785 964 1826 versio
981 1786 1165 1836 Gothica‚
1191 1800 1281 1827 meo
1298 1786 1463 1836 iudicio,
1492 1799 1611 1839 aeque
1629 1800 1752 1828 carere
1769 1787 1910 1842 potest,
1938 1802 1981 1830 ae
1999 1791 2122 1834 codd,
2150 1796 2277 1847 graeci

180 1854 230 1880 UO
248 1856 276 1877 π’
298 1856 331 1880 ὓς
351 1854 493 1878 αυτθυςι

90 1897 141 1947 y)
166 1897 202 1951 J.
223 1905 260 1934 et
277 1855 330 1936 git.
352 1893 486 1939 kunui,
512 1901 550 1931 et
571 1889 621 1930 fic
639 1892 754 1931 etiam
774 1891 872 1933 infra
890 1906 925 1933 v.
943 1905 1007 1942 43.
1053 1892 1118 1933 cst.
1144 1894 1270 1935 Marc.
1296 1899 1330 1940 8,
1354 1904 1419 1934 12.

102 1973 147 2022 z)
174 1968 366 2010 Voculam
386 1965 530 2006 omittit
551 1966 593 2003 Β.
647 1966 719 2003 Pro
738 1963 848 2003 hidrei
866 1966 1091 2017 ceteroquin
1114 1964 1256 2017 legitur
1274 1964 1364 2004 alibi
1380 1963 1493 2005 hidre.

103 2027 143 2078 a)
165 2024 206 2063 Β.
221 2022 334 2062 habet
353 2018 448 2059 nauh
466 2017 600 2055 thanah
620 2029 657 2055 at
673 2016 949 2071 duatgaggandis
964 2021 993 2057 is
1011 2017 1239 2067 distat-idina3
1265 2016 1433 2058 nostram
1451 2030 1540 2057 vero
1561 2015 1765 2058 leelionem
1783 2015 1855 2058 esse
1881 2020 2092 2071 genuinam
2118 2021 2272 2065 testatur

157 2075 280 2116 codex
298 2077 533 2125 Argenteus,
560 2070 634 2109 hoc
653 2070 741 2109 licet
756 2071 841 2110 loco
861 2071 966 2111 valde
987 2070 1180 2112 obscurus.
1235 2073 1438 2112 Rationem
1455 2070 1744 2112 constructionis
1755 2101 1764 2120 ‚
1795 2071 1824 2111 fi
1839 2073 1981 2125 placet,
2009 2075 2124 2118 discas
2143 2091 2191 2117 ex
2205 2079 2272 2118 ob-

154 2126 424 2168 servationibus
441 2122 594 2169 nostris,
620 2123 668 2161 ad
687 2123 814 2162 Matth
846 2136 908 2171 27,
929 2137 962 2163 1.
991 2124 1059 2165 cfr.
1080 2126 1142 2163 26.
1164 2136 1209 2170 71
1253 2126 1373 2164 Marc.
1394 2135 1430 2170 ς,
1450 2137 1463 2162 1
1476 2132 1514 2167 8.

113 2181 153 2233 b)
180 2184 240 2220 Ex
255 2175 498 2230 sequentibus
518 2173 679 2220 constat,
707 2176 935 2226 praecedens
949 2176 1321 2228 verbumgaqhotjan
1339 2178 1453 2228 iungi
1469 2189 1561 2216 cum
1581 2177 1726 2225 dativo,
1755 2191 1837 2218 non
1860 2189 1992 2220 autem
2018 2194 2111 2221 cum
2127 2182 2273 2224 accusa-

156 2236 254 2280 tivo,
295 2243 412 2284 quem
432 2231 455 2282 J
489 2239 526 2267 et
541 2229 595 2267 St.
612 2237 780 2266 tuentur.

104 2290 141 2340 ς)
167 2288 351 2348 Quinque
368 2283 448 2375 flios
472 2279 594 2320 versus
620 2281 680 2320 vel
709 2279 1001 2321 emendavimus
1025 2280 1085 2321 vel
1109 2280 1234 2321 codici
1258 2283 1457 2332 Argenteo
1483 2279 1743 2331 reddidimus,
1783 2293 1854 2323 ceu
1871 2294 1918 2323 ex
1946 2284 2147 2329 collatione
2174 2300 2268 2330 cum

205 2345 210 2350 '
307 2348 364 2376 ate
383 2346 444 2375 cit.

100 2394 124 2432 d
132 2342 269 2448 sffinest
280 2353 325 2432 ξπ
346 2386 584 2442 βιηιζᾷιιηιῖἰιι,
612 2386 802 2433 mittenti,
831 2384 937 2438 quod
954 2386 1108 2439 regulae
1131 2396 1338 2440 grammat.
1357 2401 1439 2428 non
1453 2386 1676 2428 admittunt.

100 2466 132 2514 e)
158 2463 280 2502 Iidem
300 2461 436 2513 legunt
464 2457 578 2505 allan,
607 2459 723 2496 etiam
742 2465 930 2503 corrupte.

28 2548 33 2549 ⁷
87 2535 150 2587 f)
179 2524 301 2572 iidem
318 2533 366 2570 in.
421 2531 450 2568 B
484 2539 614 2568 autem
632 2528 673 2568 h.
691 2529 716 2568 1.
740 2538 778 2567 et
795 2525 1125 2576 antecedentibus,
1154 2526 1249 2579 legit
1273 2528 1498 2568 accuratius.

100 2613 143 2658 ἢ
171 2604 276 2646 Addi
300 2600 755 2653 huneversum-praeter
784 2599 965 2638 codicum
996 2597 1201 2646 affinium,
1244 2597 1320 2638 fide
1354 2599 1644 2652 philolog-orum
1671 2609 1708 2639 et
1741 2599 1960 2640 criticorum
1992 2601 2170 2642 omnium
2203 2617 2267 2645 ans

152 2670 330 2707 notatum
379 2655 522 2695 videbis
564 2656 604 2693 in
651 2652 899 2706 praefatione,
966 2663 1003 2692 et
1047 2653 1139 2691 edit.
1181 2651 1293 2692 Benz.
1333 2666 1371 2704 p.
1409 2658 1497 2700 238.
1540 2664 1620 2692 not.
1647 2652 1680 2692 d.
1760 2655 1872 2692 Hanc
1917 2665 2047 2693 autem
2089 2657 2266 2697 laciniam

150 2727 230 2754 non
264 2709 336 2750 esse
371 2707 484 2748 solius
522 2707 695 2761 Ulphilae
721 2720 768 2746 ex
795 2704 942 2758 Jofi‘phi
970 2703 1154 2744 Blanchini
1181 2705 1434 2758 evangeliario
1461 2707 1700 2759 quadruplici
1724 2707 1862 2746 latinae
1889 2706 2063 2747 verfionis
2089 2711 2267 2762 antiquae

148 2767 213 2807 seu
236 2764 367 2804 veteris
391 2763 558 2807 Italicae,
605 2759 751 2800 Romae
778 2759 882 2798 edito
911 2760 1196 2800 MDCCXLIX.
1225 2770 1271 2798 ut
1295 2773 1365 2799 nos
1392 2759 1532 2799 docent
1559 2761 1757 2800 relationes
1783 2757 2055 2812 Gottingenses
2081 2765 2202 2806 Tem.
2231 2767 2260 2804 1.

149 2818 328 2861 Fascicul.
350 2817 413 2855 ΙΙΙ.
433 2829 471 2868 p.
492 2815 555 2855 60⁴
576 2811 881 2853 animadversum
900 2811 973 2860 est;
1001 2813 1053 2852 ita
1069 2825 1157 2852 vero
1177 2813 1280 2853 illae:
1310 2812 1357 2864 est
1380 2812 1441 2851 hoc
1464 2811 1689 2864 affitmentum
1716 2812 1873 2860 (codicis
1890 2815 2094 2869 Argentei>
2123 2830 2169 2854 ex
2199 2831 2262 2857 an-

148 2872 396 2926 tiqua‘Latina
413 2866 637 2914 translatum,
655 2865 723 2917 fid
737 2880 817 2904 vero
836 2865 997 2904 mutilum
1007 2880 1022 2913 ,·
1047 2865 1149 2904 huius
1165 2867 1254 2905 enim
1269 2866 1308 2906 V
1305 2863 1441 2917 etfi'om's
1462 2865 1596 2904 Codices
1607 2865 1724 2904 Roma·
1740 2879 1855 2918 nuper
1874 2865 1960 2908 editi*
1971 2867 2086 2922 verfici
2101 2868 2232 2912 addunt
2248 2884 2257 2910 :

150 2939 253 2966 nemo
265 2923 311 2977 est
328 2924 437 2972 enim,
468 2922 528 2973 qui
547 2933 617 2960 non
633 2920 934 2971 faciatvirtutem
950 2920 988 2959 in
1007 2919 1143 2959 nomine
1162 2932 1234 2960 meo
1245 2948 1257 2970 ‚
1285 2917 1474 2972 &poterit
1491 2917 1576 2958 male
1593 2916 1686 2970 loqui
1707 2918 1747 2960 de
1763 2932 1829 2961 me.
