2473 3380
156 149 253 207 308
387 134 899 191 PRAEFATIONES
932 128 1306 187 SPECIMINI
1337 131 1709 188 GLOSSARII
1741 135 2104 193 PRAEFIXAE.

156 251 271 300 Illud
292 267 396 298 vero
417 265 553 314 usque
569 248 635 297 ad
631 247 959 315 stttpiditatem,
978 247 1019 294 ἃ
1038 247 1456 307 perincommodum
1477 244 1645 294 sensum
1663 248 1846 310 praebet,
1881 251 1924 299 ὅτ
1941 267 2144 313 praeterea
2163 266 2245 313 per
2264 267 2365 299 con-

154 317 365 367 iesscuram
385 314 526 363 solum
544 314 792 377 appositum
813 315 884 364 est.
956 311 1225 370 Sclzerzius,
1254 316 1299 359 in
1318 313 1673 361 annotationibus
1692 317 1747 360 acl
1773 317 1820 364 h.
1839 317 1866 366 l,
1893 315 2052 365 fatetur
2079 315 2120 364 se
2149 319 2367 379 ignorare,

160 385 267 445 quid
288 385 407 430 vocis
426 379 541 431 hetti
558 381 623 430 fit.
693 382 883 428 Collatio
904 397 1007 426 vero
1037 381 1194 441 lingua:
1215 381 1415 427 Gothicae
1443 381 1483 426 ἃ
1514 381 1730 426 Islandicae
1758 398 1852 427 rem
1880 385 2008 430 credo
2037 400 2150 431 extra
2180 383 2370 430 dubium

158 449 378 515 posuerit,
413 449 697 509 docueritque
718 445 882 492 sensum
904 444 1009 492 effe:
1044 446 1125 495 Illi
1151 451 1301 511 itaque
1318 448 1495 494 domum
1518 459 1746 504 venerunt,
1774 451 1867 494 eius
1885 464 1984 496 vero
2005 448 2121 500 nihil
2138 454 2371 516 quicquam

159 519 508 571 intellexerunt,
544 529 595 561 ne
615 515 847 563 minimum
872 512 1072 577 quidem,
1106 513 1218 579 quid
1227 530 1312 579 per
1329 509 1409 562 hoc
1425 514 1715 580 significaret.
1784 511 2082 563 Illustrationis
2103 534 2209 579 ergo
2238 513 2372 579 poni-⁴

162 600 235 633 tur
253 584 353 630 heic
377 586 424 630 ni
443 575 574 630 uuiht
599 579 642 626 ὅ(
659 573 861 627 niheiner
879 577 1014 637 hetti,
1046 580 1146 625 licet
1172 580 1290 626 idem
1312 582 1437 641 plane
1458 580 1505 627 fit
1525 580 1805 631 vocabulum,
2117 588 2119 591 ’

295 650 465 709 Lingua
487 649 632 706 itaque
651 643 883 702 Islandica,
914 646 1195 706 Sviogothica
1221 647 1263 693 ὅ(
1283 649 1531 693 Teutonica
1560 647 1768 693 concordi
1796 644 2003 706 suffragio
2030 646 2206 706 docent,
2240 646 2375 698 haette

162 718 229 764 vel
246 713 368 765 hetta
388 714 593 760 denotare
611 710 778 770 hilum,
807 728 902 759 rem
926 713 1177 762 minimam.
1245 715 1417 759 Notatu
1449 714 1634 774 dignum
1664 711 1924 759 existimabis
1946 716 1975 758 B
2010 716 2059 759 L.
2081 730 2234 760 vocem
2262 716 2374 762 hanc

165 783 286 845 apud
304 799 384 829 nos
403 796 528 843 paene
554 775 817 836 obsoletam,
849 780 896 824 in
913 781 1040 825 Latio
1060 783 1240 840 antiquo
1261 779 1371 825 olim
1391 795 1606 841 repertam
1627 776 1756 825 fuisse
1835 777 1984 825 Festus
2012 796 2124 825 certe
2147 780 2288 828 Hetta
2307 798 2374 827 ex-

161 852 299 915 plicat
317 865 411 894 rem
431 846 607 893 minimi
628 846 757 905 pretii
770 857 785 903 3
819 844 861 892 ὅτ
879 860 930 892 ut
954 861 1073 893 erant
1093 861 1255 893 veteres
1281 847 1555 908 grammatici
1585 843 1727 891 insulsi
1754 845 2021 908 etymologi,
2056 844 2222 892 digium
2250 862 2376 907 putat

164 917 287 983 quqfi
301 912 492 971 Metam,
525 914 576 961 id
593 913 646 978 Ψ
663 909 838 961 hiatum
859 913 1050 960 hominis
1069 913 1118 963 Εἴ
1135 911 1444 976 ostitatz'onem.
1512 915 1621 958 Sunt
1646 912 1737 958 haec
1756 913 1876 968 talia,
1908 928 1955 957 ut
1975 929 2023 957 ea
2053 910 2246 958 oscitanti
2270 915 2375 959 exci-

163 982 270 1032 diss'e
293 982 467 1030 dixeris.
537 982 680 1039 Pergit
702 996 830 1036 vero,
864 979 972 1024 alios
996 978 1166 1035 dixiss'e,
1197 995 1243 1030 eo
1263 984 1417 1028 notari
1430 976 1642 1045 pusiilus,
1678 994 1777 1042 quce
1806 983 1850 1025 in
1874 978 2085 1043 coquendo
2100 995 2218 1044 pane
2232 977 2378 1043 fivlent

161 1048 415 1116 affiaergere,
447 1062 477 1095 a
495 1062 579 1111 quo
598 1044 774 1093 modum
793 1045 966 1094 dicendi
984 1049 1236 1110 acceperint
1258 1049 1371 1095 Rom
1382 1051 1473 1099 mi,
1508 1061 1592 1093 non
1611 1042 1746 1092 hettoe
1767 1056 1808 1092 te
1830 1041 1972 1106 facio.
2006 1046 2036 1092 i.
2060 1062 2082 1090 e
2116 1061 2163 1092 ut
2180 1042 2306 1107 supra
2327 1063 2377 1092 ex

164 1118 378 1164 chronico
397 1110 544 1158 nostro
570 1112 818 1167 attulimus,
851 1112 922 1171 iag
949 1109 1101 1158 acktar
1130 1108 1203 1158 fo'r
1230 1115 1335 1159 intet
1360 1111 1501 1166 hatra,
1535 1127 1610 1157 aut
1636 1121 1777 1158 watra.
1850 1111 2022 1178 Voffms
2045 1113 2087 1156 in
2120 1128 2225 1159 voce
2243 1110 2377 1170 betia,

162 1180 318 1239 dustus
339 1176 871 1235 auetoritatevVarroniss
901 1177 1059 1235 credit,
1094 1178 1250 1226 melius
1269 1177 1396 1225 scribi
1416 1175 1540 1241 hefta
1559 1177 1610 1225 ab
1632 1186 1707 1238 ἐ’φω
1728 1194 1895 1236 coquo,
1930 1175 2000 1224 sed
2021 1179 2112 1225 haee
2131 1180 2282 1225 omnia
2310 1182 2379 1241 dg.

161 1272 254 1309 ςητοι
273 1253 417 1306 affinio.
831 1301 835 1305 .

298 1310 572 1375 Temperare
592 1312 703 1358 mihi
724 1328 812 1358 non
831 1309 1035 1373 poffum,
1068 1313 1178 1372 quin
1198 1313 1458 1373 priusquam
1485 1312 1595 1357 hanc
1622 1320 1775 1357 vocem
1804 1321 1927 1366 woet,
1957 1308 2089 1358 wicht
2117 1311 2380 1371 relinquam,

162 1377 417 1436 observem,
447 1378 627 1425 eandem
651 1376 825 1439 insuper
844 1379 973 1424 aliam
990 1377 1344 1440 significationem
1367 1381 1411 1424 in
1431 1376 1837 1440 septentrionalibus
1857 1378 2015 1436 linguis
2037 1377 2209 1425 habere.
2280 1381 2380 1425 No·
2411 1396 2414 1397 ⁷

163 1461 226 1493 tat
244 1447 361 1492 enim
382 1446 540 1492 bovem
560 1445 601 1491 ὅ(
621 1445 861 1504 quamlibet
881 1461 1116 1492 creaturam
1130 1482 1141 1502 ‚
1175 1443 1247 1491 seu
1265 1447 1461 1501 noxiam,
1499 1443 1580 1491 five
1602 1445 1844 1492 innoxiam.
1913 1447 1998 1489 Pro
2028 1443 2170 1490 bobus
2199 1442 2381 1507 usurpa·

166 1525 238 1560 tur
257 1513 303 1560 in
319 1510 501 1560 historia
518 1511 755 1560 Alexandri
777 1511 965 1572 Magni,
990 1528 1192 1571 tempore
1210 1513 1377 1571 Birgeri
1398 1512 1509 1572 regis
1521 1547 1533 1567 ‚
1567 1510 1777 1560 Svethicis
1799 1508 1994 1577 verfibus·
2005 1508 2271 1574 conscripta:

363 1586 366 1589 ’
566 1580 612 1624 T
615 1577 690 1622 het
722 1594 815 1622 war·
843 1593 904 1624 ett
937 1575 1170 1639 Landskap'
1206 1577 1313 1638 godt
1343 1577 1405 1628 ok
1436 1576 1544 1627 riikt

572 1640 642 1691 Af
666 1643 893 1691 allahanda
928 1641 1052 1692 srukt
1078 1643 1148 1691 *ok
1181 1643 1317 1697 wiikt.
1389 1669 1393 1673 —

911 1737 940 1771 ι.
976 1734 1012 1771 Ε.
1251 1772 1253 1774 ,

572 1778 714 1845 Regio
751 1799 840 1831 erat
873 1783 989 1833 bona
1023 1786 1066 1833 ἃ
1102 1785 1235 1844 dives,

181 1874 185 1876 -
400 1907 403 1908 ⁷
569 1850 748 1896 Fertilis
781 1847 965 1912 frugum
1005 1854 1048 1898 ὃ(
1082 1866 1401 1901 armentorum.

168 1909 345 1964 Snorro
367 1909 598 1976 Sturlissm
620 1931 727 1962 tom.
746 1919 779 1963 l.
800 1916 990 1963 historiae
1010 1917 1117 1971 suae,
1152 1936 1200 1980 p.
1225 1923 1335 1976 569·
1378 1963 1381 1966 .
1408 1914 1505 1968 Sau
1524 1915 1643 1968 their
1661 1933 1744 1977 nu,
1779 1913 1970 1983 hvorjar
1988 1920 2142 1970 voettir
2159 1918 2253 1972 thes
2272 1917 2384 1987 haf-

165 1982 222 2029 do
248 1985 380 2038 neitt,
419 1981 645 2036 videbant,
692 1997 890 2041 quaenam
918 1984 1153 2030 animantia
1180 2002 1232 2030 eo
1260 1981 1392 2031 fruita
1420 1983 1601 2035 fuerint,
1669 1983 1812 2034 Conf.
1842 1986 1949 2034 wiht
1981 1988 2382 2048 Anglo-Saxonum.

167 2047 421 2104 AElcwiht,
441 2047 584 2094 omnis
604 2057 792 2094 creatura
807 2086 816 2104 ‚
852 2048 969 2110 apud
988 2050 1258 2113 Hickefium,
1292 2053 1335 2096 in
1358 2053 1640 2113 grammatica
1661 2052 2029 2112 Anglo-Sa.xonica
2049 2071 2097 2115 p.
2125 2069 2203 2113 300
2272 2059 2381 2103 Prae-

168 2128 291 2160 tereo
310 2114 410 2169 alia,
447 2130 542 2174 quae
562 2113 754 2168 uberiori
782 2117 911 2176 copia
941 2116 986 2160 in
1006 2116 1226 2162 Gloss'ario
1257 2133 1358 2163 mco
1379 2118 1671 2179 Suiogothico
1701 2132 1925 2168 notantur·
1994 2118 2078 2166 Sed
2107 2138 2197 2180 quo
2224 2123 2382 2182 inquis,

164 2181 212 2226 in
231 2177 474 2241 praesentia,
507 2179 599 2226 haec
618 2179 797 2226 omnia?
832 2196 1058 2242 utnempe
1077 2183 1281 2241 doceam,
1315 2185 1430 2230 unde
1447 2185 1631 2230 latinum
1661 2186 1932 2241 Veterinus,
1967 2186 2088 2245 quod
2119 2185 2381 2236 adiefflvum

166 2243 226 2293 est
235 2281 248 2303 ,
283 2256 493 2306 nutatque
509 2253 795 2310 pecuarium,
828 2246 977 2294 ortum
995 2247 1055 2294 fit.
1102 2253 1272 2296 Lucret.
1292 2249 1344 2295 de
1365 2251 1469 2301 Nat,
1490 2255 1669 2302 Rerum,
1704 2243 1800 2298 tib.
1822 2254 1876 2303 V,
1898 2269 1940 2301 v.
1966 2259 2028 2308 86
2034 2265 2074 2315 3.

303 2313 373 2361 Et
402 2328 545 2378 genus
577 2324 728 2367 omne,
762 2313 881 2377 quod
909 2318 965 2382 ss
1000 2320 1193 2363 veterino
1213 2313 1440 2381 stmguim
1467 2330 1680 2383 partum·
1956 2317 1960 2320 ’

166 2381 273 2425 Hoc·
291 2377 349 2424 est
369 2391 501 2425 omne
520 2381 702 2425 armenti
723 2397 876 2441 genuS.
947 2381 1134 2439 Plinius,
1169 2380 1286 2430 Hist.
1312 2386 1412 2432 Nat.
1433 2387 1484 2431 L.
1507 2388 1559 2432 ll.
1579 2400 1614 2430 c.
1632 2387 1713 2443 46.
1767 2381 1970 2449 Ungulae
1989 2387 2184 2434 veterino
2202 2397 2383 2437 tantum

159 2449 319 2512 generi
338 2443 644 2508 renafiuntum
712 2448 830 2493 Hinc
850 2452 1115 2497 veterinarii
1135 2447 1238 2496 disti
1259 2447 1353 2496 sunt
1372 2448 1622 2511 ῖππιόιτςοι,ὅι
1638 2465 1719 2498 ars
1735 2455 2024 2508 veterinaria,
2045 2451 2096 2497 de
2117 2470 2200 2512 qua
2218 2454 2385 2503 librum

167 2510 417 2572 conscripsit
445 2512 553 2557 olim
580 2512 810 2577 Vegetiur.
1535 2574 1540 2580 Δ

308 2578 465 2623 Vident
488 2581 573 2624 iam
593 2580 747 2637 credo,
783 2580 860 2639 qui
879 2575 996 2627 ultro
1016 2579 1213 2627 caecutire
1239 2576 1417 2644 nolunt,
1453 2581 1496 2625 in
1518 2580 1708 2628 Gothica
1735 2580 1884 2644 lingua
1914 2582 2072 2631 harum
2101 2596 2260 2633 vocum
2284 2584 2383 2635 fon-

165 2659 229 2693 tes
249 2641 330 2690 esse
350 2643 631 2705 quaerendos,
662 2662 799 2704 quum
821 2648 995 2692 Latium
1018 2644 1163 2708 ipsum
1185 2648 1297 2692 nihil
1317 2647 1493 2706 habeat,
1528 2648 1645 2706 quod
1668 2650 1883 2710 originem
1905 2650 2086 2708 harum,
2124 2667 2228 2712 quas
2248 2647 2381 2715 expli-

168 2714 242 2758 cui
259 2706 419 2757 vocum
437 2747 449 2767 ,
484 2711 584 2756 dare
602 2710 741 2772 po'ffit.
813 2716 967 2775 Qum
994 2713 1136 2759 nolim
1164 2711 1284 2759 iustae'
1311 2709 1579 2774 praefationis
1609 2712 1799 2761 modum
1830 2717 2092 2777 transgredi,
2123 2717 2218 2765 heic
2247 2718 2381 2768 finem

164 2774 347 2830 faciam,
382 2778 607 2838 proxime,
641 2775 670 2823 si
693 2781 787 2824 Deo
809 2775 949 2824 visum
977 2775 1133 2836 fuerit,
1168 2779 1254 2826 hoc
1282 2792 1590 2841 argumentum
1619 2781 1798 2827 ulterius
1821 2781 2123 2833 declaraturus,
2191 2786 2380 2833 Paucula

167 2843 364 2900 interim,
398 2860 493 2903 quae
514 2844 599 2889 iam
619 2844 801 2901 adduxi,
833 2843 965 2902 fidem
985 2842 1150 2891 fafitura
1169 2859 1308 2902 erunt,
1337 2857 1426 2905 'quo
1446 2844 1572 2892 altius
1599 2847 1650 2894 ad
1671 2848 1832 2910 lingua?
1850 2843 1991 2896 latinae
2014 2848 2222 2898 cunabula
2241 2849 2379 2898 ascen-

168 2906 338 2967 dimus,
369 2926 423 2955 eo
442 2911 631 2973 propius
651 2927 746 2959 eam
766 2911 948 2961 Gorhici
966 2909 1177 2959 sermonis
1196 2909 1354 2958 faciem
1371 2908 1547 2964 referre.
1733 2922 1738 2923 ⁷

2228 2981 2377 3033 PRAE-
