2473 3380
168 203 237 249 μ
884 162 1668 238 EVANGELIUM

179 307 256 355 18.
285 293 400 344 fram
428 294 569 342 thaim
594 289 823 359 hairdjam
836 293 904 360 g)
939 293 1000 339 du
1030 294 1111 341 im.
1315 297 1393 345 18.
1425 293 1464 337 A
1490 291 1735 351 pastoribus
1761 293 1838 344 eis.

175 379 256 415 20.
290 363 361 424 jah
393 361 734 425 gawandidedun
759 360 817 407 fis·
838 361 926 406 thai
947 357 1165 423 hairdjos.
1184 354 1236 419 Ῑι)
1313 371 1395 406 20.
1426 356 1764 404 Revertebantur
1799 354 2012 419 pastores,

176 430 239 480 ib.
265 431 311 476 in
329 430 457 482 allize
477 427 633 476 thizeei
658 426 699 490 i)
735 424 1069 487 gahausidedun.
1312 422 1374 472 ib.
1405 425 1547 483 Super
1575 423 1804 480 omnibus,
1839 441 1935 484 quae
1963 420 2205 473 audierant.

177 510 257 575 22ἶ
306 493 638 542 usfulnodedun
691 493 823 553 dagos
875 489 1156 542 hraineinais
1187 489 1236 552 k)
1315 502 1394 539 22.
1438 489 1781 550 Complerentur
1830 491 1922 537 dies
1973 492 2249 553 purgationis
2298 507 2369 537 eo-

175 560 424 690 unga-¹13¹(
452 621 811 672 Izi-aiwaduhono.
849 624 914 684 m)
1307 571 1502 683 24m11'1a1i·
1529 634 1771 669 turturum.

173 707 254 752 29.
291 710 350 738 nu
360 689 573 783 ³fraleitais
592 687 721 736 skalk
740 691 939 738 theinana
957 687 1241 754 fraujinond
1309 703 1388 747 29.
1421 682 1574 799 Nu11:>
1578 686 1776 799 1clniinnieittas
1794 682 2016 736 famulum
2043 702 2193 745 tuum,
2229 686 2371 734 domi·

174 757 332 888 Βζαίῖ
345 755 471 885 Ιὶἐίὼ
489 822 549 870 du
577 819 719 887 drnfiz
736 818 825 887 jah
843 820 1059 887 ussaffai,
1079 823 1132 884 n)
1310 771 1521 883 34im1n-iic
1549 821 1658 867 iacet
1686 791 1731 865 in
1757 815 1900 866 casum
1929 819 1971 866 ὃ(
1997 816 2372 867 resurreffionem.

2286 899 2367 945 37·

219 1028 268 1083 g)
298 1021 601 1073 Editihairdjan,
624 1021 700 1061 sine
720 1023 895 1074 exemplo
923 1021 1083 1070 codicis,
1120 1024 1189 1074 qui
1214 1021 1424 1062 constanter
1450 1020 1677 1072 suffragatur
1702 1018 1833 1059 nostrae
1863 1020 2032 1068 lestioni,
2075 1019 2216 1071 regulis
2243 1031 2370 1070 gram·

277 1079 447 1168 apprilme
465 1076 719 1168 convenisemis
751 1074 910 1164 Ιιαὲξιίεἶς,
937 1073 1077 1165 Ῑῖἰείὶοῃ
1105 1074 1193 1128 Joh.
1214 1087 1275 1124 10,
1291 1090 1330 1136 .²·
1385 1074 1516 1114 Sueth.
1548 1073 1668 1164 1ιεῖᾷῖ
1699 1072 1823 1111 hairda
1847 1071 2008 1133 sweine,
2044 1086 2138 1133 grex
2161 1084 2366 1123 porcorum

159 1210 161 1213 Ι
272 1130 624 1232 ἕῗὲάέγεεέςέὲῃά
637 1127 990 1223 &griglsziitzlniffiircg-
1019 1130 1192 1181 Etymon
1216 1141 1320 1169 vocis
1342 1127 1550 1176 habemus,
1606 1140 1630 1164 n
1672 1154 1683 1175 ,
1712 1124 1898 1174 custodia,
1925 1125 2029 1165 unde
2053 1124 2174 1173 lurda,
2216 1123 2370 1172 servare,

219 1238 260 1290 Ιι)
285 1239 428 1276 lterum
445 1244 620 1284 corrupte
638 1233 729 1272 editi
748 1232 949 1284 hairdjonds
967 1247 1046 1272 non
1064 1232 1213 1273 dubitat
1237 1236 1326 1274 Rev.
1358 1231 1542 1272 Benzelius
1567 1229 1799 1283 legendum,
1844 1243 1915 1272 ceu
1940 1228 2047 1284 supra
2073 1243 2111 1274 v.
2136 1237 2169 1274 8.
2201 1227 2366 1278 hairdjos,

269 1289 386 1340 idque
403 1288 442 1327 h.
461 1287 484 1326 l.
504 1285 618 1325 habet
634 1286 755 1324 codex
771 1289 936 1335 Argent-

218 1342 251 1392 i)
276 1342 381 1381 Editi
398 1339 505 1398 tigoeei
516 1335 791 1396 ιξαΙιιιιιβῖαΥεπίιιη,
820 1336 937 1389 quod,
966 1335 993 1376 fi
1013 1336 1107 1389 quid
1125 1351 1199 1389 ego
1214 1337 1368 1387 judico,
1401 1349 1482 1376 non
1500 1333 1688 1386 displicere
1705 1333 1839 1374 debet:
1868 1347 1905 1374 at
1923 1336 1965 1374 in
1982 1336 2111 1375 eodice
2128 1334 2254 1375 nostro
2273 1334 2367 1386 legi-

273 1407 364 1434 mus
382 1391 504 1450 thtzeei
515 1387 792 1442 gahausidedun,
823 1389 930 1441 quod
955 1403 1061 1441 aeque
1080 1389 1276 1429 manifesta
1301 1391 1443 1429 ratione
1469 1387 1670 1440 syntaffica
1692 1389 1847 1434 nititur3
1882 1387 2070 1440 siquidem
2094 1388 2241 1438 hausjan
2266 1386 2367 1438 apud

268 1445 468 1498 Ulphilam
485 1441 681 1482 interdum
693 1455 759 1494 per
778 1441 920 1493 ellipsin
938 1443 1153 1492 genitivum
1166 1441 1341 1482 adsciscit.
1368 1442 1456 1494 Joh.
1476 1441 1512 1488 6,
1531 1441 1594 1480 60.
1623 1450 1659 1487 7,
1678 1453 1742 1488 40.
1763 1451 1824 1487 10,
1846 1440 1904 1481 16.
1934 1448 1993 1488 18,
2015 1452 2072 1487 37.
2103 1441 2138 1479 ὃ(
2157 1439 2259 1480 alibi.
2317 1492 2319 1495 .

221 1520 267 1572 k)
294 1520 332 1570 J.
352 1517 386 1556 &
404 1517 460 1556 St.
479 1512 717 1559 manas-imnis,
755 1512 860 1564 quod
882 1511 1022 1563 respuit
1043 1515 1084 1552 B.
1111 1515 1147 1552 ὅ(
1175 1514 1335 1554 iubente
1359 1513 1490 1553 codiee
1520 1510 1629 1552 Mser.
1657 1511 1776 1563 probe
1801 1509 1960 1550 restituit
1984 1511 2212 1560 hraineinais,
2257 1514 2367 1555 cuius

270 1570 368 1612 inii-a
386 1567 548 1608 occurrit
565 1564 667 1604 casus
682 1563 805 1604 sextus
817 1565 1061 1618 gahraineinai
1069 1594 1079 1614 ,
1105 1566 1234 1606 Sueth.
1253 1569 1394 1619 rening,
1423 1566 1562 1611 hrains,
1587 1563 1721 1610 larana,
1748 1564 1872 1610 hrain,
1896 1577 2034 1616 purus,
2060 1577 2099 1611 a,
2126 1577 2209 1613 um,
2233 1565 2365 1607 Sueth.

268 1635 352 1665 ren:
372 1618 606 1674 gahrainjan,
634 1616 849 1670 purificare,
877 1617 1010 1658 Sueth.
1033 1631 1137 1665 rena,
1163 1618 1273 1670 rensa.
1328 1618 1507 1658 Radicem
1533 1616 1623 1655 huic
1640 1617 1723 1655 voci
1742 1615 1935 1655 constituit
1952 1617 2091 1666 Junins
2112 1631 2223 1668 graem
2256 1617 2368 1668 ῥαίνω,

267 1676 442 1728 aspergo,
485 1683 583 1722 aqua
596 1670 806 1722 perfundo,
839 1683 963 1722 quum
985 1669 1031 1710 ab
1050 1669 1252 1722 aspersione
1270 1684 1375 1723 aquae
1395 1671 1441 1710 ad
1458 1669 1726 1723 purgationem
1746 1669 1863 1707 facilis
1882 1668 1925 1707 sit
1941 1671 1983 1708 in
2002 1669 2248 1720 significando
2267 1681 2364 1710 tran·

267 1727 372 1768 situs.
425 1725 495 1764 His
512 1736 621 1770 vere,
648 1734 738 1762 utut
753 1722 912 1776 speciose
931 1722 1058 1770 dietis,
1085 1724 1354 1764 contradicunt
1370 1726 1450 1770 alii,
1479 1723 1708 1761 deducentes
1729 1734 1813 1760 eam
1831 1722 1927 1760 vela
1959 1724 2038 1766 rin,
2072 1723 2175 1769 rinn,
2211 1723 2364 1771 fluvius,

268 1782 391 1827 rivus,
421 1777 524 1818 unde
544 1777 679 1818 Germ.
695 1778 849 1829 reinigen
863 1805 873 1824 ,
901 1777 936 1815 ὅ(
963 1776 1136 1816 nostrum
1153 1790 1258 1826 rena,
1300 1778 1448 1830 proprie
1472 1777 1541 1816 erit
1558 1787 1649 1827 aqua
1660 1772 1859 1826 profluente
1876 1773 2031 1823 abluere,
2074 1787 2108 1815 v.
2137 1775 2367 1824 Wachterus,

267 1835 363 1874 item
381 1827 608 1871 Stiernhielm.
626 1831 661 1868 3(
683 1828 801 1869 Schilt.
821 1829 862 1868 in
890 1829 1089 1869 Glossariis.

213 1904 254 1957 l)
277 1907 374 1944 Non
390 1902 484 1954 legit
500 1899 671 1952 Ulphilas
685 1897 813 1947 αὐτῖς,
842 1900 945 1947 eius,
972 1912 1063 1938 cum
1082 1898 1249 1939 versione
1268 1900 1383 1939 veteri
1400 1898 1534 1946 latina,
1564 1895 1817 1937 consentiente
1834 1897 1962 1937 codice
1992 1899 2242 1950 complutensi
2252 1915 2264 1948 ;
2297 1900 2362 1942 fied

267 1955 402 2003 οἰυτόν,
432 1967 566 1994 eorum
578 1981 588 2000 ,
614 1963 728 2003 prout
746 1952 839 1991 editi
855 1954 888 1991 ὃ(
909 1952 1092 1992 versiones
1109 1954 1302 2003 praecipuae
1323 1953 1543 1998 Orientales,
1573 1949 1824 1989 confirmante
1844 1952 1991 2003 Origene
2006 1953 2175 1993 Homilia
2192 1955 2293 1995 XVI.
2312 1955 2361 1996 ad

263 2009 439 2050 nostrum
454 2004 753 2056 Euangelistam.
806 2018 841 2043 v.
868 2005 956 2044 edit.
977 2004 1109 2042 Renzel
1137 2018 1174 2056 p.
1199 2006 1282 2053 164.
1301 2007 1334 2044 ὅ(
1357 2004 1552 2044 Observat.
1573 2005 1613 2056 J,
1633 2002 1744 2040 Minis
1760 2003 1807 2041 ad
1833 2002 1936 2041 hunc
1963 2004 2103 2045 locum.

213 2080 270 2131 m)
296 2080 357 2119 Sic
371 2080 409 2131 J.
427 2079 460 2116 ἃ
485 2079 527 2115 Β.
583 2076 656 2115 Sed
672 2078 727 2115 St.
746 2088 868 2113 errore
897 2074 1204 2121 amanuensium,
1246 2072 1538 2119 hraiwadnbona‚
1586 2073 1692 2126 quod
1715 2074 1832 2112 etiam
1858 2075 1897 2112 in
1925 2074 2076 2114 Gloffar.
2134 2106 2140 2115 .
2164 2079 2224 2123 36,
2244 2079 2277 2117 ἃ
2297 2091 2362 2130 91.‚

266 2130 321 2171 est
340 2129 567 2169 notandum.
620 2130 710 2166 Vox
727 2126 823 2165 mihi
839 2128 985 2178 proprie
1005 2127 1158 2166 denotat
1174 2125 1339 2164 columbas
1359 2138 1483 2164 ravast
1508 2126 1606 2165 fiibit
1632 2140 1718 2165 vero
1737 2140 1844 2164 ravus
1870 2127 2063 2178 duplicem
2089 2089 2358 2180 si’gnificatum,

264 2184 346 2230 vel,
372 2192 416 2221 ut
433 2180 551 2231 Festus
568 2194 613 2218 ex
633 2181 758 2218 Verrio
778 2181 1058 2230 inteipretatur,
1087 2180 1149 2217 cui
1167 2191 1239 2217 vox
1257 2192 1368 2217 rauca
1390 2181 1422 2217 ὃ(
1447 2178 1595 2224 obtusa,
1623 2181 1680 2217 vel
1700 2180 1767 2229 qui
1784 2180 1859 2217 ravi
1882 2179 1932 2217 est
1958 2181 2093 2219 coloris
2106 2210 2115 2228 ‚
2149 2192 2357 2235 utrumque

262 2234 474 2275 turturibus
491 2234 659 2283 apprime
674 2233 966 2270 convenientem
1038 2230 1157 2282 Prope
1177 2245 1196 2269 a
1212 2244 1299 2269 vero
1317 2231 1520 2269 abfuerunt
1545 2232 1789 2282 Etymologi,
1824 2230 1886 2270 sed
1903 2233 1953 2270 ita
1971 2243 2118 2280 tamen,
2154 2244 2198 2273 ut
2225 2237 2356 2274 Wack-

263 2300 360 2326 τεν-ω
376 2285 608 2336 confugerit,
635 2294 699 2322 aut
718 2284 765 2322 ad
782 2282 918 2321 sonum
938 2284 1014 2322 avis
1034 2284 1244 2322 naturalem
1264 2285 1296 2322 ἃ
1318 2282 1533 2322 ΙΠᾶυοίίιπι
1551 2295 1632 2329 tur,
1673 2294 1757 2329 aut,
1794 2296 1884 2321 cum
1907 2283 2044 2333 Junio‚
2070 2285 2127 2332 ,ad
2151 2287 2357 2338 Anglosax.

260 2339 436 2386 brem-an,
466 2336 597 2376 Germ,
622 2349 751 2382 renen,
788 2335 933 2380 dolere,
968 2337 1122 2387 lugere,
1161 2350 1198 2375 v.
1221 2332 1337 2373 Gloss'
1361 2337 1489 2373 Germ.
1507 2348 1542 2385 p.
1571 2346 1670 2380 1730
1710 2335 1940 2374 Nobiliffim.
1958 2336 2224 2376 Stiernlzielmins
2241 2341 2355 2391 origi-

262 2404 355 2431 nem
371 2389 513 2430 arcessit
529 2401 550 2427 a
566 2387 692 2427 nostro
705 2386 836 2434 kraez-e,
864 2388 1071 2439 ingluvies,
1100 2401 1136 2438 q.
1156 2387 1191 2425 d.
1209 2385 1481 2436 kraevedtfvor,
1506 2387 1609 2436 quod
1628 2386 1806 2436 quidem,
1835 2401 1924 2426 meo
1959 2388 2120 2437 judicio,
2156 2402 2234 2430 non
2258 2392 2354 2433 satis-

261 2443 373 2483 facit:
397 2455 524 2494 neque
541 2441 596 2480 illi
612 2439 850 2484 assentimu,
881 2440 949 2490 qui
967 2453 1077 2491 porro
1094 2439 1233 2477 derivat
1251 2437 1358 2484 Anba,
1389 2438 1585 2483 columba,
1613 2450 1633 2474 a
1653 2437 1800 2486 fietitia,
1831 2441 1871 2478 ni
1888 2439 2014 2487 fallor,
2044 2454 2135 2481 voce
2161 2442 2268 2493 d‘'‘ftl›
2297 2446 2353 2485 in-

261 2497 558 2586 v01m.e‚ffquum
580 2493 708 2545 potius
723 2491 800 2530 huc
823 2490 944 2531 facere
967 2491 1137 2530 videatur
1164 2487 1324 2541 Anglos.
1351 2488 1491 2539 dufimz,
1532 2491 1782 2542 immergere,
1830 2502 1876 2531 ut
1899 2491 1995 2532 bene
2026 2493 2231 2536 observavit
2254 2497 2353 2548 Jnn.

258 2550 300 2588 in
326 2549 399 2588 Glo
432 2575 443 2588 .

209 2602 251 2653 ηε)
279 2600 358 2640 Ραη
379 2598 430 2640 est
447 2597 645 2643 scholion,
669 2595 797 2646 judice
816 2597 893 2634 Rev
922 2594 1100 2641 Benzelio,
1130 2608 1176 2633 ex
1194 2595 1366 2646 margine
1386 2595 1625 2641 translatum,
1662 2608 1696 2634 v.
1724 2608 1857 2647 nuper.
1876 2596 2034 2638 edition.
2065 2612 2101 2650 p.
2134 2599 2221 2647 165.
2263 2600 2350 2640 Ma-

259 2652 439 2706 resclzallns
455 2662 583 2690 autem
601 2649 737 2688 stabilit
754 2648 857 2686 hune
875 2646 1037 2699 Ulphilae
1051 2647 1310 2698 pleonasmum
1323 2676 1332 2694 ‚
1361 2647 1572 2686 comedumt
1588 2661 1668 2686 non
1688 2648 1947 2700 improbabili,
1977 2661 2021 2690 ut
2046 2664 2130 2703 quae
2155 2653 2208 2690 nil
2226 2652 2349 2701 habet,

262 2705 368 2757 quod
388 2703 508 2744 sensui
530 2704 563 2742 8<
583 2699 785 2740 manifestae
802 2700 1045 2752 etymologiae
1062 2712 1268 2751 repugnet,
1283 2699 1505 2751 fraujinond
1527 2699 1625 2739 mihi
1650 2699 1702 2739 est
1729 2700 1830 2740 cafiis
1858 2704 1980 2754 quint.
2009 2704 2196 2756 participii
2216 2704 2348 2757 fraigji-

262 2757 390 2803 nonds,
417 2755 658 2808 afiatq‘inon,
688 2753 898 2800 dominari,
925 2753 1130 2803 imperium
1149 2766 1295 2804 gerere,
1323 2751 1429 2804 quod
1445 2750 1605 2804 superest
1622 2754 1663 2792 in
1680 2754 1744 2792 illo
1756 2754 2031 2806 gafraujinond,
2066 2756 2172 2807 quod
2187 2761 2350 2799 occurrit

260 2809 368 2849 Marc
408 2821 466 2856 10,
485 2821 544 2855 42.
566 2817 612 2845 ut
627 2806 720 2845 adeo
725 2803 946 2857 franjinond
947 2805 1024 2856 fan
1041 2805 1147 2843 reddi
1164 2805 1274 2857 possit
1292 2803 1467 2843 dominans
1483 2804 1625 2853 domine,
1643 2806 1773 2850 Sueth.
1791 2805 1990 2860 lierskande
2006 2807 2120 2848 lzerre.
2174 2813 2240 2850 An
2259 2825 2346 2851 vero

262 2861 414 2900 leffioni
432 2861 640 2912 interpretis
658 2858 775 2898 nostri
791 2857 1045 2908 suffragentur
1063 2858 1123 2896 alii
1141 2858 1306 2903 codices,
1331 2857 1428 2895 mihi
1453 2871 1532 2896 non
1549 2857 1691 2897 constat
1774 2870 1779 2876 ¹

209 2929 254 2982 n)
281 2931 342 2970 Sic
359 2929 478 2969 codex
495 2935 654 2982 Argent.
675 2931 710 2968 ἃ
729 2931 767 2967 ΒΔ
791 2927 895 2970 drus.
925 2925 1047 2971 casus,
1074 2927 1110 2965 ὃ(
1127 2927 1258 2982 usstass,
1283 2927 1518 2975 referi-estio,
1545 2926 1739 2978 dativum,
1771 2941 1888 2982 quem
1914 2927 1962 2968 du
1979 2929 2100 2982 regit,
2138 2930 2243 2972 aliter
2267 2930 2342 2972 for-

261 2996 364 3024 mare
382 2992 591 3035 nequeunt.
647 2982 712 3022 cfr.
730 2978 870 3022 Matth.
890 2990 926 3030 7,
948 2991 1009 3026 27.
1037 2990 1117 3022 not.
1132 2981 1166 3023 Ιι,
