2473 3380
595 119 643 189 J
675 121 718 174 ο
755 120 814 172 H
840 120 897 172 A
930 121 991 174 Ν
1017 122 1078 174 Ν
1104 123 1139 175 ι
1169 122 1221 177 s,
1305 123 1427 179 Vll.
1504 125 1653 181 Vm.
1721 129 1815 182 IX.
2188 135 2254 192 ⁸7

65 250 141 301 33.
172 233 311 285 leitila
330 230 475 298 qheila
492 234 542 293 a)
569 233 682 279 mith
702 235 820 280 izwis
843 236 916 282 im.
1198 250 1275 298 33.
1312 238 1516 287 Paullum
1550 254 1726 301 tempus
1757 238 1983 286 vobiscum
2007 236 2116 286 sum.

59 319 138 365 34.
172 300 370 367 maguth.
390 300 438 362 b)
506 297 563 364 J.
595 300 635 346 ὅ(
666 297 729 346 St.
757 302 941 363 majuth.
1198 317 1273 363 34.
1303 303 1497 353 Potestis.
1651 319 1655 321 ’

61 383 138 429 35.
154 364 286 431 skuli
307 381 515 433 gaggan.
546 366 588 425 c)
660 366 730 414 St.
749 367 866 413 shuli
895 384 1078 429 gaggan.
1197 383 1275 432 35.
1312 373 1456 418 Iturus
1490 367 1566 421 est.
1594 365 1599 369 ⁴

56 449 136 495 4¹·
172 433 264 482 ibai
297 431 377 482 thu
415 431 468 493 d)
509 449 561 478 us
590 432 783 494 galeilaia
812 432 993 482 christus
1021 435 1113 495 qui·
1189 450 1270 495 41.
1303 439 1434 484 Num
1461 455 1510 485 ex
1527 437 1704 486 Galilaea
1723 436 1921 487 Christus
1946 436 2117 485 veniet?

126 501 254 548 mith.

60 579 134 626 50.
168 563 284 612 sums
314 563 491 612 wisands
520 567 622 615 izei.
649 567 690 628 e)
1029 605 1033 607 —
1196 578 1272 625 50·
1306 569 1434 615 Unus
1464 585 1554 618 erat
1578 589 1753 622 eorum.

57 647 133 693 52,
163 633 209 678 ni
234 630 448 680 urreifith.
471 633 523 692 ²⁶)
722 631 724 633 ’
1196 646 1290 691 52.
1310 635 1419 680 Non
1435 640 1600 693 ‚oritun

440 702 547 760 Cap.
595 701 724 744 vul:
1031 732 1033 734 -
1583 706 1694 766 Cap.
1729 706 1856 750 VIII:

55 777 129 820 19.
168 765 215 809 ni
240 763 336 810 mik
362 763 566 811 kunnuth
596 762 673 812 nih
685 763 744 827 f)
779 774 910 812 attan.
1194 777 1270 820 19.
1307 766 1406 812 Nec
1436 783 1507 813 me
1534 768 1667 815 nostis
1696 787 1834 829 neque
1862 782 2048 831 patrem.

53 846 135 892 23.
172 829 216 875 ik
247 848 296 876 us
324 828 468 883 thuim
490 831 547 896 g)
567 831 770 891 iupathro
800 831 877 874 im.
1189 841 1250 890 23
1302 832 1398 891 Ego
1431 831 1527 879 {um
1554 852 1605 880 ex
1632 835 1744 897 illis,
1779 837 1857 893 qui
1882 834 2024 896 supra.

55 905 131 961 38.
164 894 350 962 galbqlz.
373 895 422 952 ll)
462 898 532 945 St.
553 894 695 956 gasah.
1195 903 1275 954 38.
1310 896 1434 946 Vidi.

52 977 115 1025 43
174 965 340 1011 waurd
370 967 501 1014 mein.
535 960 574 1025 i)
1189 977 1273 1026 43.
1312 962 1508 1012 Verbum
1542 982 1707 1016 meum.

51 1028 570 1094 44.mannamaurthrja
591 1023 643 1090 k)
655 1043 743 1088 was,
758 1023 873 1074 fram
885 1021 1113 1098 frumistja.
1188 1044 1268 1089 44.
1304 1031 1546 1078 Homicida
1572 1048 1661 1079 erat
1687 1031 1739 1079 ab
1769 1033 1910 1080 initio.

49 1106 133 1157 423,
173 1095 289 1141 waila
315 1092 523 1159 quitlmm
551 1093 602 1156 Ι)
638 1094 758 1143 weis,
1185 1103 1270 1155 48.
1295 1097 1419 1142 Bene
1454 1098 1642 1145 dicimus
1677 1117 1775 1149 nos,

54 1176 130 1221 55.
169 1163 211 1207 ni
241 1159 440 1225 kunnjau
459 1163 525 1223 m)
553 1163 640 1212 ina.
1056 1207 1059 1210 ,
1192 1176 1266 1222 55.
1303 1164 1414 1208 Non
1443 1163 1750 1226 cognoscerem
1779 1180 1894 1212 eum.

53 1235 129 1288 58.
166 1227 302 1288 quath
330 1231 392 1276 im
415 1231 465 1290 n)
496 1225 640 1274 iaisus.
1192 1237 1267 1287 58.
1301 1229 1422 1275 Dixit
1451 1232 1511 1277 eis
1530 1229 1666 1295 JesuS.

449 1298 560 1355 Cap.
621 1296 702 1341 IX:
1611 1300 1722 1359 Cap.
1743 1301 1827 1344 IX:

47 1374 96 1408 2.
123 1358 207 1421 litu
238 1357 344 1408 thau
368 1364 409 1420 o)
434 1357 675 1409 fadreinis,
1184 1374 1230 1407 2.
1263 1362 1376 1417 Hic,
1409 1379 1463 1408 an
1497 1378 1693 1423 parentes
1721 1363 1846 1412 eius?

45 1440 92 1488 4.
127 1427 262 1474 thatei
287 1431 502 1475 nimanna
522 1428 579 1491 p)
607 1441 708 1486 mag
734 1423 971 1486 waurkjan.
1184 1439 1231 1484 4.
1267 1427 1455 1489 Qando
1481 1444 1612 1474 nemo
1632 1428 1772 1489 potest
1795 1431 1981 1491 operari.
2028 1467 2032 1470 i

2198 1506 2246 1549 6.

99 1627 141 1678 a)
169 1625 340 1677 Migrant
356 1625 514 1664 ulterius
531 1625 565 1677 J.
586 1624 620 1664 8<
643 1625 697 1665 St.
729 1624 868 1664 codicis
895 1623 1117 1672 lectionem,
1162 1638 1234 1665 nec
1256 1639 1337 1667 non
1369 1626 1576 1679 Syntaxeos
1599 1630 1768 1682 regulas,
1807 1631 1976 1684 legentes
2002 1630 2103 1672 leiteil
2126 1633 2247 1685 qheila‚

56 1723 60 1729 Ι
152 1677 258 1730 quod
279 1679 319 1716 B.
343 1677 562 1719 observavit.
618 1691 652 1717 v.
674 1680 765 1718 Luc.
791 1686 847 1723 18,
864 1690 903 1725 4.

98 1730 135 1781 b)
161 1732 224 1770 Sic
239 1732 400 1769 omnino
423 1731 563 1769 codex:
604 1744 625 1770 a
641 1744 789 1785 magun,
816 1728 934 1784 posse,

100 1785 133 1835 c)
157 1798 195 1824 v.
215 1785 309 1825 Luc.
333 1795 365 1829 ι,
384 1783 448 1824 66.
468 1784 500 1822 8(
523 1794 604 1834 quae
623 1783 668 1823 de
693 1795 824 1822 munan
850 1782 1089 1823 disseruimus
1112 1782 1219 1838 supra
1243 1785 1291 1825 ad
1308 1787 1398 1827 Luc.
1420 1800 1480 1835 10,
1501 1800 1537 1830 1.

99 1837 146 1889 d)
171 1838 226 1879 St.
246 1836 481 1875 coniunctim
496 1834 644 1874 zbaithus
652 1851 668 1881 ,-
694 1837 830 1888 rectius
843 1839 881 1889 J.
903 1837 936 1875 ἃ
957 1838 986 1874 Β
1020 1838 1156 1890 legunt
1179 1839 1348 1879 divisim:
1376 1842 1512 1882 malim
1527 1841 1595 1883 ibai
1609 1844 1695 1883 than
1705 1859 1721 1891 ,·
1745 1845 1809 1885 rhu
1831 1845 1936 1885 enim
1954 1843 2005 1885 est
2020 1860 2234 1899 pronomen

147 1889 209 1929 lat.
230 1901 291 1936 tug
317 1888 402 1926 thau
425 1902 511 1928 vero
529 1889 711 1941 particula
738 1889 1010 1940 interrogandi.
2237 1879 2248 1900 ³

96 1943 130 1994 e)
151 1945 293 1983 Veram
313 1941 537 1981 exhibemus
555 1941 758 1981 lectionem
774 1953 785 1989 3
810 1942 1042 1982 usitatiorem
1061 1954 1190 1984 autem
1211 1948 1249 1999 J.
1267 1947 1302 1985 ἃ
1322 1948 1374 1987 St.
1396 1947 1555 1996 habent3
1591 1951 1778 1990 nimirum
1796 1953 1869 1990 ize:
1910 1961 2070 2005 utraque
2089 1955 2246 1996 interim

35 2044 38 2047 ι
148 1995 277 2049 proba.
332 1993 399 2034 cfr⁴
417 1994 522 2033 thizei
539 2007 608 2046 pro
626 1994 736 2043 thize,
764 1997 880 2035 Marc.
908 1996 966 2043 1‘4,
986 1995 1050 2046 69.
1075 2008 1137 2043 70.
1166 2000 1261 2038 Luc.
1285 2012 1346 2047 14,
1374 2012 1431 2048 15.
1453 2013 1489 2052 9,
1513 2002 1573 2049 36.

96 2048 141 2101 ³¹)
167 2051 257 2089 Haec
282 2048 504 2091 immediate
521 2048 556 2086 ὃ(
576 2049 794 2088 continente
811 2047 900 2088 serie
917 2049 1056 2101 excipit
1074 2049 1197 2092 versus
1213 2052 1468 2095 duodecimus
1491 2056 1621 2108 capitis
1644 2054 1854 2109 sequentis,
1898 2059 2004 2099 unde
2035 2059 2156 2111 liquet
2179 2062 2246 2102 Ul-

147 2101 294 2154 philgm
318 2113 409 2139 cum
426 2101 558 2140 multis
573 2101 792 2153 pervetustis
811 2101 1029 2150 codicibus,
1064 2115 1145 2143 non
1168 2105 1296 2158 legisse
1313 2106 1402 2146 vers
1421 2106 1643 2160 sequentem
1662 2121 1723 2157 53.
1761 2116 1821 2148 καὶ
1852 2108 2021 2162 ἔποςεόθη
2049 2104 2173 2154 ἔκαιε-ος
2198 2116 2244 2155 ὶις

150 2150 208 2202 τὸ
227 2155 314 2195 rimor
331 2152 440 2189 ἑυτῖυ
452 2181 462 2198 ,
491 2152 554 2191 cfr.
579 2152 717 2191 Millius
734 2155 776 2192 in
792 2154 959 2201 observat
988 2155 1036 2193 ad
1051 2154 1156 2196 hunc
1174 2158 1324 2197 locum:
1353 2173 1479 2211 neque
1497 2161 1689 2200 historiam
1707 2165 1876 2204 mulieris
1895 2166 2089 2212 adulterae,
2124 2179 2242 2217 quam

147 2203 256 2258 prisci
273 2215 536 2256 recentesque,
559 2204 650 2244 teste
667 2204 1124 2257 MareJ'clzalIo‚,se1·upulis
1141 2210 1386 2261 implicarunt
1449 2212 1595 2251 Frustra
1615 2215 1733 2264 igitur
1749 2206 1858 2265 su‘nt,
1885 2218 1954 2269 qui
1969 2218 2018 2257 in
2031 2218 2242 2262 codicem-

149 2268 288 2311 genteo
306 2259 432 2310 aliqua
448 2271 495 2297 ex
511 2267 614 2310 parte
628 2257 713 2296 heic
728 2258 903 2297 lacunam
921 2258 992 2298 esse
1010 2257 1216 2303 finxerunt.
1277 2277 1312 2303 v.
1329 2263 1428 2304 Edit.
1446 2264 1557 2306 Benz.
1574 2279 1612 2317 p.
1633 2277 1719 2314 312.
2203 2269 2206 2275 ’

66 2362 69 2363 ⁷
81 2312 142 2364 f)
169 2326 204 2350 v.
223 2310 333 2360 supra
361 2313 442 2350 Luc
474 2321 535 2358 14,
557 2321 617 2357 ες.
678 2312 730 2357 St.
749 2313 799 2352 ni.
1155 2322 1158 2326 ’

115 2365 133 2416 )
158 2366 209 2405 St.
230 2365 321 2404 vitio
341 2375 560 2417 operarum,
582 2363 700 2412 thuin,
729 2363 836 2416 quod
853 2364 1093 2417 expellimus⁴

88 2377 138 2466 ἱ)
165 2418 246 2466 Sic,
273 2416 471 2470 afizz'qhan,
492 2415 703 2469 gafiziqlzam
743 2417 882 2458 videre.

90 2470 124 2520 ἱ)
148 2473 182 2525 J.
205 2472 239 2510 &
255 2472 311 2512 St.
328 2482 544 2523 perum-am,
580 2468 709 2508 wanrd
723 2472 830 2510 meins
838 2486 853 2519 ,-
880 2471 995 2511 latine
1013 2472 1118 2512 enim
1135 2471 1232 2514 foret
1247 2474 1390 2516 verbum
1408 2489 1518 2520 meus,

91 2523 140 2574 k)
166 2523 300 2564 Codex
318 2522 437 2583 ‘Mstr
468 2536 559 2562 cum
584 2521 747 2575 fimplici
771 2537 817 2573 n,
857 2527 1181 2578 manamaunlzrja,
1233 2528 1364 2571 Sueth.
1388 2529 1698 2572 mannamb'rdare:
1743 2545 1763 2572 a
1780 2534 1935 2582 manna,
1984 2533 2163 2584 homine,
2202 2538 2239 2578 ὃ(

144 2575 391 2626 mamhryan,
418 2575 569 2618 nostrat.
588 2574 732 2624 mdrda,
760 2577 949 2625 occidere,
976 2578 1182 2627 trucidare,
1210 2581 1314 2621 unde
1331 2584 1516 2631 rnamdw,
1544 2584 1676 2627 Sueth.
1696 2585 1814 2635 mord,
1848 2587 2125 2630 homicidium,·
2154 2592 2238 2644 quie

61 2661 64 2665 .
143 2629 217 2669 bus
237 2628 423 2669 accedunt
440 2629 575 2677 morth,
605 2626 699 2669 Pers
717 2629 838 2676 mork,
865 2644 973 2683 graec.
991 2627 1114 2684 μᾶςος,
1141 2634 1204 2674 lat.
1222 2647 1315 2674 mors
1332 2639 1430 2678 δαὶ.-
1461 2650 1496 2676 ν.
1525 2637 1670 2680 Waclzt.
1701 2640 1742 2679 in
1768 2653 1802 2680 v.
1827 2640 1939 2682 mord,
2206 2661 2210 2666 ›

93 2681 129 2734 l)
156 2684 208 2723 St.
231 2681 434 2729 mendose,
458 2682 616 2735 quithan.
1032 2693 1035 2695 ·

90 2738 143 2788 m)
171 2735 275 2776 Editi
293 2735 430 2787 kunjau
441 2749 458 2782 ;
490 2733 543 2774 est
558 2744 689 2774 autem
708 2747 729 2774 a
747 2734 908 2784 kunnan,
940 2736 1050 2785 scire,
1084 2738 1235 2781 noscere
1259 2755 1293 2783 v.
1312 2740 1421 2795 supra
1440 2745 1531 2784 Luc.
1552 2757 1588 2793 2,
1613 2754 1672 2792 17.

90 2792 133 2840 n)
156 2791 192 2842 J.
210 2790 244 2828 ὅ(
263 2791 306 2829 St
332 2790 458 2833 imma,
486 2789 542 2836 ei,
570 2787 676 2840 quod
698 2801 818 2828 nexus
836 2803 915 2829 non
930 2791 1109 2833 admittit.

39 2848 45 2852 '
89 2842 126 2893 ο)
153 2842 275 2883 Iidem
296 2842 434 2894 legunt
446 2838 493 2893 ι[Ξι
510 2839 659 2878 utlzthau
667 2855 684 2887 ;
709 2842 839 2882 miuus
856 2843 973 2885 reste:
1001 2845 1048 2886 de
1057 2845 1129 2899 fizu
1145 2860 1265 2901 pauca
1280 2850 1507 2890 monuimus
1535 2849 1583 2889 ad
1603 2850 1719 2891 Marc.
1752 2863 1785 2901 1,
1812 2864 1872 2899 32·
1926 2867 1963 2894 v·
1988 2854 2085 2896 infra
2110 2871 2148 2902 v·
2170 2869 2229 2911 19·

141 2895 188 2936 de
211 2895 297 2934 thau
313 2905 443 2934 autem
460 2894 572 2947 paulo
591 2904 677 2933 ante
693 2907 724 2933 c.
748 2906 784 2943 7,
804 2909 866 2943 41.

81 2948 131 3002 p)
159 2947 310 2990 Prorsus
329 2961 350 2989 a
367 2961 455 2990 vero
470 2946 571 2991 abest
586 2948 638 2990 St.
657 2949 861 2990 meinamma
877 2949 1008 3004 legens
1017 2965 1030 3002 3
1055 2965 1218 3011 errorem
1236 2967 1325 2996 vero
1342 2957 1489 3010 peperit
1503 2955 1712 3000 suniiitudo
1729 2958 1923 3000 literarum
1941 2959 2205 3004 Gothicaru'm·
