2473 3380
293 106 645 166 OELRICHS
679 103 1369 162 ANIMADVERSIONES
1412 107 1500 158 IN
1537 104 1716 157 DISS.
1749 84 2120 161 HEUPELH.»
2255 129 2317 173 19

108 219 220 269 Ant.
241 219 423 276 Isnittet‚
442 221 691 267 Brunovici
715 225 852 278 1762.
880 236 926 281 4.
947 235 980 268 c.
997 220 1078 285 fig.
1112 218 1186 279 d).
1253 218 1416 265 Eadem
1440 218 1492 264 de
1520 236 1638 264 novo
1666 217 1847 279 prodire
1869 218 1979 266 iuffit
1999 221 2066 270 Cl.
2089 220 2171 288 Jo.
2196 221 2317 284 Ihre,

107 288 175 331 vir
193 287 246 333 ad
269 286 618 347 promovendam
640 285 882 333 litterarum
903 287 1140 333 Gothicam
1158 301 1303 340 natuS,
1339 285 1380 331 &
1401 282 1484 344 seq.
1504 286 1633 331 titulo
1651 283 1886 346 insignivit:
1920 286 2196 354 Fragmenta
2216 308 2318 341 ver.

99 353 234 416 fionis
261 349 549 417 Ulphilanae,
584 357 848 401 continentia
863 354 1124 417 particulas
1144 349 1316 416 aliqzcot
1335 354 1523 416 epgfsz’olae
1542 353 1684 400 Pauli
1701 351 1765 398 ad
1781 352 2027 409 Romanor,
2060 351 2187 404 haud
2208 364 2318 425 pri..

108 419 288 478 demex
307 419 450 466 codice
471 419 687 485 rescripto
710 417 983 468 bibliotheca·
1003 417 1363 481 Guelferbitanae
1380 430 1535 473 eruta,
1572 419 1621 469 ΕΤ
1638 435 1666 466 a
1689 417 1850 465 Franc.
1870 418 1981 466 Ant.
2002 421 2198 479 Knittel,
2232 441 2317 474 ar..

105 485 385 542 chidiacono,
419 484 562 542 edita,
595 501 713 533 nunc
735 500 832 532 cum
861 487 1030 550 aliquot
1056 483 1415 533 annotationibus·
1443 488 1568 551 typis
1596 484 1778 532 reddita
1802 499 1830 530 a
1847 481 2060 548 Jolzanne
2086 486 2195 536 llzre
2223 507 2318 559 reg,

101 552 282 600 cancell.
301 551 441 616 consil.
460 549 587 617 prof.
608 568 699 618 reg.
718 563 793 599 cet.
860 552 1088 599 Accedunt
1106 550 1207 598 duae
1225 548 1551 612 ciffi-tationes
1568 550 1635 600 ad
1638 548 1935 616 philologiam
1948 548 2319 620 Maefigoflmam

88 615 342 682 spetialiter
368 618 571 682 Upfizh'oe
599 626 740 676 1763.
760 631 805 677 4.
877 618 1025 663 Codex
1046 615 1121 662 iste
1143 633 1254 663 canae
1274 615 1490 663 vetustatis
1519 616 1599 672 est3
1634 616 1704 663 sed
1731 614 1986 677 referimus,
2021 619 2107 667 hoc
2127 621 2208 678 est,
2245 627 2316 672 cui

102 688 152 729 u't
173 685 329 730 chartae
349 680 845 744 compendinmsaceret
866 682 1106 739 librarius,
1127 683 1341 728 recentius
1369 682 1487 728 aliud
1511 680 1721 744 seriptum
1750 683 1983 739 deleverat,
2018 687 2082 732 uti
2103 688 2228 735 docet
2249 692 2316 738 Cl.

105 747 215 797 Ilzre
233 747 461 810 in‘praefar.
481 749 710 810 praen‘zissa.
781 752 1027 795 Occurrunt
1056 749 1126 794 hic
1157 746 1380 808 sequentes
1404 749 1647 810 particulae‚
1683 752 1788 808 Cap.
1809 751 1882 807 XI,
1905 760 2068 816 33-36,
2094 757 2185 813 ΧΠ,
2211 770 2317 817 1.5·⁶

111 831 168 876 17
197 832 267 863 21.
289 815 399 871 XIII,
427 831 513 870 7ῐ-«ζΑ
536 819 651 871 xlv,
673 828 801 872 9230.
821 818 915 870 XV,
938 831 1005 877 3·¹
1022 831 1063 875 3.
1085 814 1236 860 litteris
1256 814 1399 861 latinis
1423 813 1633 875 expressae,
1667 815 1810 860 addita
1840 816 2028 863 versione
2048 819 2190 875 latina,
2212 840 2318 882 quas

103 882 459 928 annotationibus
480 875 760 943 philologieis
780 880 892 927 lefiiu
914 879 1168 941 dignissimis
1184 898 1236 945 p.
1260 894 1303 940 7.
1320 879 1383 945 st]
1405 879 1632 927 illustravit
1651 882 1717 928 Cl.
1739 879 1859 929 llzre.
1925 883 2251 934 Dissertationes
2273 892 2319 936 in

99 947 229 994 titulo
251 948 383 993 huius
403 948 503 993 libri
524 965 891 1004 commemoratae,
903 946 999 992 sunt
1011 945 1257 1004 sequentes:
1290 949 1343 994 de
1362 946 1617 1011 originibus
1632 948 1804 1011 linguoe
1822 948 1980 996 latinae
2001 952 2050 999 ἔθ’
2064 967 2246 1016 groecae,
2259 961 2322 1003 in-

103 1025 173 1061 ter
196 1013 494 1080 Moessgotlms
522 1013 806 1078 reperiunda
819 1030 871 1078 p.
894 1010 1059 1077 43.JZ].
1084 1012 1125 1058 ὅ(
1146 1013 1198 1059 de
1215 1012 1364 1060 verbis
1390 1010 1773 1078 Moesbgotlzorum
1789 1030 1837 1077 p.
1859 1019 1934 1060 62.
1940 1013 2015 1079 fi]
2086 1020 2196 1065 Non
2217 1019 2319 1081 pos.

101 1079 201 1126 sum
223 1097 364 1126 autem
379 1117 388 1135 ,
426 1082 532 1140 quin
553 1081 631 1126 hac
652 1080 749 1126 data
767 1078 984 1126 occasione
1004 1077 1248 1136 observem,
1283 1079 1411 1125 latere
1430 1078 1514 1126 fine
1549 1079 1687 1126 dubio
1720 1081 1764 1125 in
1793 1081 1872 1125 hac
1904 1081 2028 1127 illave
2054 1081 2320 1134 bibliotheca

101 1147 300 1208 publica,
335 1162 407 1192 aut
434 1141 723 1192 monasteriali
747 1148 858 1192 inter
875 1148 1000 1193 MSS.
1032 1145 1151 1191 aliud
1180 1145 1431 1205 exemplum
1459 1144 1663 1192 versionis
1683 1148 1745 1191 IV
1773 1147 2100 1206 evangeliorum
2127 1152 2322 1213 Ulphilae

91 1204 177 1273 'baut
199 1211 401 1258 versionis
426 1229 568 1274 partes
589 1214 789 1259 nondum
811 1210 1017 1270 detesia83
1053 1212 1155 1257 hinc
1186 1212 1432 1272 optandum
1462 1211 1581 1270 esset,
1617 1228 1666 1260 ut
1693 1211 1971 1260 bibliothecis
1995 1213 2219 1278 praefecti‚
2252 1220 2320 1272 cl,

100 1280 373 1329 Knittelium
392 1279 636 1337 imitando,
671 1280 784 1326 hanc
810 1280 857 1326 in
877 1295 971 1326 rem
993 1276 1172 1325 sollicite
1193 1280 1478 1338 inquirerent.

1100 1367 1140 1425 ς.
1209 1368 1309 1414 vn.

243 1437 311 1480 De
332 1436 594 1483 aunoritate
613 1432 820 1481 versionis
840 1432 1043 1481 Gothicae
1071 1435 1134 1478 IV
1157 1432 1483 1493 evangeliorum
1511 1432 1719 1481 nonnulla
1747 1431 1889 1483 adfert
1908 1436 2160 1504 Heupelius
2188 1442 2218 1498 §>
2243 1443 2323 1490 IV.

105 1500 356 1561 Praecipua,
393 1518 489 1560 quae
509 1502 582 1547 hie
602 1502 649 1546 in
670 1498 842 1546 censum
864 1502 1003 1555 venit,
1039 1497 1240 1559 quaestio,
1276 1499 1329 1545 ab
1352 1497 1530 1546 aussore
1551 1517 1639 1546 non
1665 1518 1750 1562 pro
1779 1504 1842 1547 rei
1862 1503 2069 1564 dignitate
2096 1507 2322 1567 pertrash,

105 1569 199 1614 haec
222 1566 302 1613 est:
333 1585 386 1612 an
408 1568 615 1627 Ulphilas
638 1585 686 1612 ex
712 1565 809 1628 ipso
832 1581 947 1612 textu
970 1566 1173 1627 originali
1194 1583 1355 1626 graeco,
1385 1584 1439 1612 an
1460 1584 1482 1612 e
1503 1566 1693 1613 versione
1714 1568 1843 1615 latina
1864 1573 2182 1619 translationem
2201 1571 2323 1622 suam

108 1634 362 1680 deduxerit?
394 1635 476 1679 Sed
499 1634 571 1679 hic
590 1633 702 1679 mihi
723 1635 866 1679 otium
885 1629 988 1680 fecit
1009 1633 1074 1683 Cl.
1096 1629 1340 1680 Michaelis‘
1357 1633 1389 1681 l.
1410 1634 1443 1681 l.
1460 1650 1510 1699 p.
1533 1647 1644 1695 307.
1670 1632 1754 1694 seq.
1783 1638 1862 1695 qui
1889 1637 2094 1698 pluribus
2124 1639 2324 1698 ostendit,

112 1699 352 1764 Ulplzilam
370 1698 609 1746 adhibuisse
629 1697 774 1760 ipsum
795 1715 961 1745 textum
982 1698 1264 1759 originalem,
1297 1698 1398 1746 licet
1417 1699 1654 1746 versionem
1674 1700 1851 1748 latinam
1873 1721 2193 1765 nonnunquam
2214 1705 2326 1754 secu-

106 1781 175 1813 tus
196 1765 257 1814 sit.
327 1768 492 1813 Interea
511 1766 710 1813 vacillare
730 1766 900 1811 videtur
922 1763 1124 1811 versionis
1142 1765 1275 1811 huius
1295 1764 1416 1812 fides.
1487 1766 1695 1812 Tradunt
1714 1768 1854 1824 enim,
1888 1767 2117 1831 scriptores
2144 1773 2327 1820 ecclesia-

106 1832 200 1880 stici
214 1870 224 1890 ‚
255 1834 322 1879 uti
338 1839 492 1880 auflor
511 1830 707 1878 observat
726 1833 771 1877 in
791 1843 882 1879 not.
902 1829 945 1882 d.
964 1831 1030 1878 ad
1042 1828 1088 1895 §.
1109 1833 1139 1879 l
1140 1829 1200 1878 V.
1228 1829 1470 1896 Ulplzilam
1489 1833 1533 1877 in
1554 1834 1823 1880 Arianorum
1843 1833 2016 1896 lapsum
2036 1834 2118 1883 ess'e
2133 1837 2327 1891 haerefin.

105 1902 177 1947 Sic
197 1895 556 1946 communisfert
578 1899 759 1959 opinio3
796 1897 951 1945 dubito
974 1914 1147 1952 autem,
1182 1916 1235 1943 an
1258 1899 1327 1944 illa
1349 1896 1445 1944 satis
1466 1897 1678 1948 firmasit.
1748 1901 1940 1948 Nullum
1968 1905 2013 1948 in
2032 1903 2112 1950 hac
2134 1905 2324 1952 versione

107 1983 336 2012 occurrere
360 1965 508 2011 locum
523 1996 535 2017 ,
570 1965 807 2010 Arianismi
827 1961 1073 2024 suspeffium
1089 2000 1100 2019 ,
1136 1965 1321 2025 ingenue
1339 1963 1515 2010 testatur
1534 1965 1627 2012 Cel.
1658 1963 1852 2014 Thomas
1873 1966 2222 2032 ΜανιζΙὶῘιαΙΙιυ,
2248 1975 2325 2032 qui

108 2030 426 2079 observationes
447 2032 491 2075 in
512 2029 718 2076 versionis
737 2030 939 2076 Gothicae
961 2027 1212 2090 insigniores
1234 2031 1401 2090 aliquot
1420 2049 1443 2076 a
1461 2044 1579 2078 textu
1601 2032 1756 2078 Graeco
1778 2031 2106 2096 discrepantiam,
2139 2037 2327 2085 editioni

112 2093 322 2148 Gotln'coe
343 2097 547 2163 verfionis
564 2095 649 2145 IV
647 2131 658 2144 .
681 2098 881 2163 evangel.
902 2096 971 2144 el.
994 2094 1135 2160 Junii
1154 2095 1362 2153 adiePtas,
1395 2094 1579 2158 scripsit,
1613 2098 1656 2144 ὃ(
1679 2098 1731 2144 de
1751 2098 1831 2146 hac
1859 2117 1905 2146 re
1937 2100 2190 2150 sententiam
2209 2102 2330 2151 ferre

108 2166 283 2226 potuit,
318 2164 488 2210 veritati
507 2160 804 2211 conformem.
871 2165 934 2207 Ex
959 2178 1220 2223 argumento
1253 2164 1389 2224 igitur
1416 2161 1607 2210 adduffio
1635 2163 1859 2225 clarissime
1876 2183 2015 2228 patet,
2049 2186 2120 2226 ea,
2157 2187 2254 2231 quaej
2273 2170 2327 2218 de

110 2230 302 2285 versione
332 2224 536 2295 Ulplziloe
556 2227 808 2292 supersunt,
840 2226 1105 2290 fragmenta,
1138 2228 1190 2276 ab
1210 2231 1335 2275 omni
1356 2228 1452 2276 labe
1471 2231 1709 2278 Arianismi
1737 2230 1871 2279 libera
1889 2232 1989 2282 esse.

243 2384 316 2434 De
340 2385 539 2434 utilitate
556 2382 743 2443 denique
764 2382 967 2430 versionis
987 2383 1254 2444 Ulphilanae,
1274 2401 1370 2430 tum
1391 2385 1436 2429 in
1466 2383 1736 2446 exponendis
1755 2385 1864 2433 locis
1892 2387 2196 2448 controversis,
2232 2404 2327 2438 tum

108 2455 155 2500 in
174 2449 463 2500 discernendis
483 2450 656 2497 diversis
677 2448 940 2497 leffionibus
953 2482 966 2506 ‚
1000 2450 1211 2496 nonnulla
1230 2450 1371 2497 attulit
1388 2450 1637 2516 Heupelius
1656 2454 1690 2510 ὗ.
1710 2455 1766 2500 V.
1837 2454 2004 2501 Nullus
2028 2455 2194 2513 dubito,
2216 2459 2325 2517 quin

107 2517 394 2581 gratissimum
415 2516 563 2564 fuisset
579 2515 733 2563 leE'tori
752 2517 947 2573 erudito,
978 2515 1009 2562 si
1035 2515 1188 2563 austor
1203 2515 1406 2579 pluribus
1426 2518 1637 2580 exemplis
1661 2515 1787 2565 usum
1808 2519 1940 2567 huius
1957 2520 2161 2568 versionis
2180 2540 2328 2585 exege-

107 2588 246 2632 ticum
266 2585 306 2631 ὅ(
330 2586 532 2633 criticum
551 2582 785 2644 probasset.
857 2581 1050 2630 Sufficiat
1076 2585 1120 2628 in
1137 2581 1336 2645 praesenti
1357 2582 1620 2638 observasse,
1656 2585 1726 2632 Cl.
1749 2585 1994 2635 Michaelis
2019 2588 2053 2636 l.
2085 2587 2116 2635 l.
2137 2606 2189 2654 p.
2213 2605 2326 2650 279.

97 2650 171 2718 jq
194 2649 393 2707 suadere,
421 2666 470 2696 ut
489 2652 699 2696 variantes
727 2648 932 2696 leffiones
953 2648 1156 2695 versionis
1183 2649 1433 2710 Ulphilanae
1462 2647 1639 2696 sollicite
1667 2651 1999 2713 colligerentur,
2037 2657 2092 2700 ita
2115 2670 2256 2701 tamen
2275 2670 2326 2705 ut

109 2719 246 2764 editio
266 2717 419 2762 ultima
438 2717 505 2764 Cl.
526 2720 576 2763 de
597 2716 689 2782 Lye
710 2716 988 2774 adhibeatur,
1018 2715 1174 2763 collato
1195 2717 1283 2763 Cel.
1305 2718 1413 2765 lhre
1437 2716 1612 2783 Uplzila
1633 2718 1884 2784 illzy'irato;
1913 2720 2201 2770 adducentem
2230 2723 2325 2770 loca

106 2785 306 2844 quaedam
329 2784 414 2829 huc
435 2779 653 2830 facientia.

1253 2866 1276 2895 c
1312 2861 1343 2899 2
2179 2858 2211 2912 ὅ,
2250 2858 2331 2914 IX,

163 2943 203 2995 d)
229 2944 388 2997 Egregii
405 2941 520 2984 huius
538 2942 624 2983 libri
642 2942 808 2984 recensio
825 2943 924 2983 leftu
944 2944 1162 2997 dignissima
1182 2946 1368 2997 reperitur
1391 2946 1432 2987 in
1454 2943 1619 2998 Goetting.
1636 2942 1705 2998 gel.
1725 2944 1924 3000 Auzetjgen,
1954 2949 2038 2985 anni
2055 2951 2149 2999 1764.
2169 2921 2333 2991 uuna-1⁸1
