2473 3380
917 105 1240 163 LUCAE.
1305 110 1460 168 Vll.
2221 127 2280 183 55

484 218 547 266 Ca
585 251 598 268 .
654 216 758 267 VII:
1628 223 1686 270 Ca
1725 256 1735 268 .
1770 223 1876 270 VII:

78 296 122 335 2.
159 279 409 333 hundafade
448 233 716 332 thanpsumis
760 281 912 333 skalks
939 285 1142 336 siukands
1221 300 1270 341 2.
1306 290 1587 337 Centurionis
1605 238 1750 337 autepm
1768 286 2152 340 cuiusdamservus
2171 304 2284 355 aeger

125 349 303 415 swulta
327 352 568 414 mairthja.
594 353 635 413 e)
1286 356 1582 404 moribundus
1608 371 1711 407 erat.

73 432 121 479 4,
158 419 332 464 wairths
361 418 411 465 ist
438 419 648 465 thammei
669 418 881 487 fragibis
892 419 952 484 f)
987 419 1118 473 thata.
1218 439 1264 478 4.
1299 425 1471 483 Dignus
1503 421 1583 479 est,
1617 424 1689 470 cui
1717 420 1908 485 praebeas
1937 421 2039 472 hoc.

73 488 124 533 6.
161 484 225 530 ith
251 483 380 531 iaisus
409 485 564 547 iddjuh
593 487 705 532 mith
735 492 811 536 im.
842 486 904 552 g)
1221 496 1267 536 6.
1302 488 1423 551 Jesus
1450 505 1596 536 autem
1626 488 1715 536 ibat
1733 488 1958 538 cumillis·

68 548 179 601 ibid.
208 551 443 611 quithands
472 551 532 599 du
564 555 702 600 imma
726 551 778 616 h)
808 550 898 604 fan,
1217 553 1323 603 ibid.
1360 557 1518 601 Dicens
1541 558 1606 604 ei:
1645 556 1853 605 Domine.

74 630 150 664 11.
182 617 297 680 iddja
319 620 364 663 in
379 617 521 681 *baurg
551 620 758 666 namnida
786 635 911 669 naen.
935 619 970 679 i)
1222 635 1240 666 1
1258 635 1294 666 Ι.
1331 619 1424 666 Ibat
1454 622 1498 666 in
1529 621 1685 668 urbem
1718 636 1915 668 vocatam
1936 622 2078 671 Nain.

75 696 150 733 12.
182 683 260 746 jah
286 690 490 752 managei
516 684 564 746 k)
593 685 736 732 thizos
770 686 929 747 baurgs
954 681 1139 750 ganoha
1218 698 1297 735 12.
1331 688 1387 732 Et
1408 685 1536 733 turba
1555 687 1688 734 huius
1716 687 1839 735 urbis
1867 688 2007 736 multa
2025 703 2129 736 cum
2149 686 2216 739 ea}

138 752 250 796 mitb
296 752 392 798 izai.

75 830 151 877 14.
170 817 242 880 jah
263 817 585 879 duatgaggands
605 815 787 864 attaitok
808 813 1137 880 qhifftrjomd)
1218 831 1296 877 14.
1332 819 1388 863 Et
1413 817 1617 864 accedens
1656 819 1796 880 tetigit
1828 819 2045 872 loculum.

73 896 151 943 15.
185 884 257 945 jah
287 887 472 949 dugann
499 886 565 944 m)
598 884 765 944 rodjan,
1218 898 1297 944 15.
1334 886 1390 928 Et
1424 885 1559 944 coepit
1596 884 1739 944 loqui.
2146 944 2150 947 μ

78 958 149 998 16.
166 949 240 1013 jah
262 950 553 1000 mikilidedun
570 952 620 1011 n)
641 949 747 1011 goth
759 945 1134 1014 quithandansm)
1218 956 1293 999 16.
1329 953 1385 997 Et
1413 947 1749 1012 magnificarum
1774 952 1923 999 Deum
1948 949 2150 1001 dicentes.

2221 1017 2285 1072 ib.

176 1108 357 1163 gentibus
373 1109 494 1149 boreae
511 1108 744 1148 vocabulum
771 1119 857 1148 ante
873 1108 970 1148 bella
993 1119 1084 1148 cum
1100 1110 1267 1149 romanis
1287 1110 1388 1162 gesta
1406 1112 1588 1169 ignotum
1609 1110 1717 1151 fuisse
1728 1140 1738 1159 ,
1766 1110 1834 1152 cfr.
1852 1109 1972 1152 Gloss‘.
1992 1113 2120 1152 Germ.
2139 1127 2177 1165 p.
2190 1123 2285 1163 459.

175 1164 285 1203 Idem
305 1163 352 1203 de
372 1161 485 1203 Goth.
513 1161 602 1214 aqlza
629 1162 859 1208 dicendum,
889 1163 1016 1209 cuius,
1044 1174 1088 1200 ut
1112 1161 1315 1214 suspicatur
1337 1162 1473 1214 Voffms
1499 1165 1540 1204 in
1559 1166 1718 1216 etymol.
1738 1163 1824 1204 fons
1852 1178 1926 1204 nec
1946 1166 1987 1204 in
2005 1165 2182 1213 Hellade,
2212 1177 2285 1205 nec

176 1218 219 1257 in
237 1218 343 1256 Latio
361 1215 504 1262 existit3
532 1215 594 1255 sed
612 1216 651 1254 in
669 1216 803 1267 lingua
822 1215 982 1254 Gothica
1001 1215 1080 1262 vel,
1109 1215 1134 1253 fi
1154 1217 1294 1265 placet,
1324 1218 1526 1266 Saxonica,
1553 1219 1612 1257 uti
1630 1219 1708 1260 iam
1727 1218 1847 1259 modo
1862 1217 2036 1259 laudatus
2057 1218 2284 1266 Wachterus,

174 1269 258 1310 Lib.
281 1272 340 1309 cit.
367 1283 404 1322 p.
427 1281 464 1320 9.
486 1268 632 1308 erudite
659 1268 836 1308 observat.
875 1268 937 1307 cfr.
956 1268 1120 1319 Specim.
1143 1266 1261 1308 Gloff.
1280 1268 1399 1322 Ulph.

123 1324 158 1375 e)
181 1324 242 1364 Sic
258 1323 379 1362 codex
399 1332 543 1373 argent.
565 1321 658 1360 editi
668 1319 800 1372 swulta
817 1320 1001 1366 ιυαὶντΙιίιί,
1031 1320 1213 1360 usitatius.
1268 1321 1407 1360 Swulta
1435 1320 1663 1363 deducimus
1680 1337 1702 1363 a
1715 1318 1884 1375 swiltan‚
1907 1325 2031 1372 mori3
2058 1323 2132 1365 hoc
2150 1333 2282 1364 autem

176 1390 198 1416 a
204 1375 375 1428 saiwam,
405 1376 539 1415 eadem
565 1375 605 1412 ni
624 1374 750 1419 fallor,
778 1375 942 1418 ratione,
973 1386 1016 1411 ac
1035 1386 1055 1411 a
1061 1370 1147 1424 sjael
1155 1400 1164 1420 ,
1182 1372 1324 1424 sjaelas,
1353 1376 1385 1413 ἃ
1407 1375 1454 1414 ab
1475 1375 1567 1413 anda
1588 1375 1712 1415 Island
1737 1376 1865 1423 undas,
1885 1377 2083 1429 exspirare.
2139 1377 2204 1417 cfr.
2226 1378 2282 1416 in-

176 1430 289 1469 terim
307 1428 444 1477 Junius
465 1428 507 1466 in
531 1440 566 1466 v.
594 1428 628 1464 8<
652 1426 788 1464 Hickes.
820 1429 860 1464 in
888 1422 978 1464 thes.
1000 1427 1033 1464 ὃ(
1053 1426 1132 1464 diff.
1152 1424 1295 1478 epistol.
1324 1440 1360 1478 p.
1376 1437 1462 1475 155.
1491 1441 1563 1467 nec
1591 1442 1672 1468 non
1694 1441 1787 1467 uzon
1808 1431 1929 1473 Marc.
1953 1441 2020 1479 15,
2053 1442 2117 1478 37.
2196 1432 2283 1471 Hoc

174 1495 264 1522 vero
282 1479 405 1521 Svulm
421 1478 545 1519 nescio
563 1492 610 1518 an
629 1492 774 1519 nomen
790 1477 834 1518 fit
852 1481 885 1518 ὅ(
904 1477 1019 1518 dativi
1038 1478 1151 1530 casusJ
1178 1490 1222 1518 ut
1241 1481 1335 1519 verti
1355 1480 1499 1528 debeat,
1528 1495 1627 1534 aeger
1644 1481 1692 1521 ad
1708 1492 1890 1526 mortem.

111 1537 171 1591 f)
198 1533 302 1575 Editi
317 1530 496 1584 frumists,
531 1533 634 1572 unde
665 1535 700 1586 J.
727 1535 763 1572 ὃ(
789 1534 845 1572 St.
873 1534 967 1572 item
997 1533 1128 1570 lis'aclzt
1170 1533 1211 1572 in
1238 1530 1430 1573 Glossariis
1459 1533 1654 1587 effingunt
1680 1535 1842 1574 verbum
1871 1534 2068 1587 quoddam
2100 1535 2280 1586 framban,

176 1586 290 1628 affine
306 1585 793 1639 Anglosaxoriicofiemian
808 1588 842 1625 ὅ(
870 1587 1028 1625 alaman.
1045 1585 1212 1637 fremen,
1240 1585 1381 1634 facere,
1410 1586 1558 1628 efficere
1574 1590 1648 1631 ἃς.
1670 1587 1732 1628 sed
1751 1602 1814 1628 eos
1833 1590 1942 1628 leetio
1960 1588 2089 1629 vitiosa
2111 1590 2150 1628 in
2172 1588 2279 1629 istam

175 1641 433 1682 coniecturam
450 1641 615 1692 impulit.
669 1639 817 1692 Spectat
833 1653 919 1687 vox,
946 1651 1062 1691 quam
1080 1640 1243 1679 minima
1264 1642 1478 1681 mutatione
1494 1642 1620 1681 codici
1637 1641 1886 1689 reddidimus,
1905 1641 1954 1681 ad
1962 1641 2070 1696 giban
2088 1643 2147 1682 vel
2160 1642 2279 1696 gffmz,

176 1695 282 1748 quod
310 1692 440 1733 videsis
460 1694 501 1733 in
514 1692 695 1746 fragffan
720 1692 822 1745 apud
845 1692 943 1742 Jma.
964 1694 1005 1731 in
1022 1691 1203 1732 Gloss‘ario
1232 1707 1272 1745 p.
1297 1694 1381 1741 165.
1438 1694 1575 1735 Obiter
1600 1708 1762 1742 moneo,
1787 1696 2012 1748 particulam
2027 1694 2102 1747 fi‘a
2117 1695 2282 1747 Ulphilae

174 1747 469 1795 ufitatissimarn‚
494 1746 632 1799 praefici
660 1746 800 1794 verbis,
829 1759 910 1786 non
936 1745 1055 1786 modo
1083 1746 1130 1786 ad
1156 1745 1442 1796 destruendam,
1474 1760 1519 1788 ut
1542 1760 1651 1788 antea
1677 1748 1976 1796 observavimus,
2003 1761 2137 1788 verum
2165 1749 2282 1795 etiam

120 1827 124 1829 ἡ
176 1801 225 1842 ad
249 1801 467 1853 augendam
495 1798 814 1852 significationem
839 1799 1092 1853 fimplicium,
1120 1811 1164 1840 ut
1179 1801 1222 1840 in
1234 1800 1447 1855 fragildan,
1463 1801 1672 1855 fraliusan,
1688 1801 1877 1855 fraletan,
1905 1803 2061 1856 aliisque
2086 1802 2127 1844 id
2144 1813 2280 1856 genus.

175 1854 245 1896 cfr.
266 1854 399 1893 Hickes.
419 1855 459 1894 in
479 1867 588 1906 gram
618 1853 937 1894 Franco-Theot.
957 1866 1059 1907 p.m.
1082 1865 1147 1906 95.
1818 1854 1824 1861 “

118 1910 162 1964 g)
189 1911 224 1963 J.
245 1909 279 1948 8<
296 1910 350 1948 St.
370 1911 418 1956 in,
438 1906 567 1960 saepius
589 1906 694 1946 idem
712 1908 851 1947 vitium
876 1907 1182 1949 emendavimus.

120 1965 163 2014 h)
188 1964 232 2004 St
261 1963 338 2001 &B
371 1961 488 2013 probe
512 1959 716 2001 restituunt
745 1961 810 2001 has
833 1974 961 2009 voces,
989 1961 1131 2014 quibus
1157 1971 1257 2001 caret
1281 1960 1397 2003 editio
1418 1961 1601 2014 Juniana.

121 2019 161 2069 i)
187 2018 289 2056 Bene
315 2014 422 2058 editi.
480 2016 525 2054 In
553 2015 685 2054 codice
713 2028 780 2068 pro
797 2027 886 2053 naen
902 2016 1066 2054 occurrit
1083 2028 1203 2063 maen,
1232 2017 1324 2056 vitio
1343 2015 1439 2056 forte
1466 2029 1680 2070 operarum.
1735 2017 1848 2058 Varie
1866 2017 1980 2058 etiarn
2005 2016 2171 2059 efferunt
2194 2015 2279 2057 cod.

175 2067 402 2121 graec.hanc
425 2081 560 2108 vocem
584 2079 700 2120 prout
725 2067 963 2108 observatum
989 2068 1133 2108 videbis
1154 2069 1194 2108 in
1220 2069 1309 2110 edit.
1329 2069 1496 2108 Milliana
1527 2085 1550 2123 p
1576 2085 1630 2111 m.
1653 2084 1738 2121 143.

123 2122 167 2174 k)
196 2122 232 2174 J.
250 2123 283 2160 ἅ
303 2121 356 2160 St.
379 2119 668 2211 ffagagai,dsed,
697 2121 770 2161 hoc
793 2119 931 2170 stante,
958 2121 1056 2162 foret
1074 2123 1190 2161 etiam
1208 2135 1302 2163 mox
1313 2122 1487 2176 ganohai,
1514 2134 1578 2174 ut,
1605 2139 1712 2166 more
1739 2124 1827 2174 suo,
1855 2126 2000 2179 optime
2030 2124 2186 2165 docetB
2217 2120 2281 2164 sed

173 2183 358 2213 neutrum
410 2185 430 2211 a
458 2182 496 2211 et
522 2185 567 2211 co
597 2186 656 2212 εκ.

122 2229 161 2279 l)
186 2227 393 2274 Vei-timus,
419 2219 578 2266 loculum.
625 2227 729 2265 Non
754 2235 885 2265 tamen
909 2222 1207 2275 diffimulamus,
1235 2227 1428 2267 incertum
1446 2227 1540 2275 esse,
1575 2239 1710 2268 utrum
1734 2243 1854 2268 arcam
1871 2228 2066 2280 ficnehrem
2091 2227 2281 2279 intelligat

180 2279 372 2332 Ulphilas,
399 2292 449 2318 an
466 2291 554 2318 vero
559 2276 765 2330 fi’retrum:
793 2278 936 2326 forsan,
963 2279 1308 2328 auctoreBenzelio,
1333 2282 1456 2320 utitur
1477 2294 1568 2320 voce
1586 2295 1633 2320 ex
1646 2282 1817 2321 moribus
1835 2281 1993 2321 suorum
2012 2290 2208 2327 mutuata,
2238 2279 2289 2319 id

177 2333 248 2380 est,
277 2331 383 2385 quod
408 2345 488 2372 non
512 2332 646 2372 loculis
673 2331 909 2380 incluserint,
937 2331 999 2372 sed
1025 2334 1202 2372 cadavera
1227 2331 1344 2373 fasciis
1368 2335 1560 2382 involuta,
1587 2335 1823 2388 rudibusque
1848 2334 1922 2374 five
1947 2335 2096 2387 perticis
2111 2331 2281 2386 suspensa

174 2402 241 2441 per
258 2386 340 2426 loca
356 2396 539 2426 montana
558 2385 764 2425 extulerint
830 2386 944 2426 Unde
961 2386 1155 2438 hodieque
1174 2387 1312 2438 vulgus
1336 2387 1509 2427 nostrum
1528 2387 1742 2428 Gothicum
1770 2389 1815 2429 de
1835 2388 2055 2435 inhumato,
2084 2387 2154 2425 han
2170 2387 2279 2440 ligger-

168 2440 223 2493 Ρᾶ
237 2438 364 2491 string,
391 2440 540 2492 perticae
572 2438 768 2492 impositus
800 2437 863 2478 est.
923 2439 989 2479 cfr.
1023 2453 1147 2493 nuper
1171 2440 1260 2479 edit.
1294 2455 1328 2493 p.
1352 2453 1439 2487 207.
1495 2441 1595 2481 Vide
1621 2443 1797 2490 interim,
1826 2456 1955 2481 annon
1982 2441 2187 2481 concinant
2208 2452 2277 2478 no-

177 2492 299 2533 strum
319 2492 442 2544 hvalf,
468 2492 702 2546 sepulcrum,
731 2492 834 2545 apud
858 2491 1080 2545 Jiiranffvn,
1106 2495 1147 2533 in
1165 2494 1308 2542 Bautil,
1335 2508 1374 2533 n.
1395 2502 1485 2546 938.
1540 2495 1724 2544 Reginmot
1751 2495 1794 2533 let
1815 2509 1903 2550 gera
1924 2494 2034 2545 lzvaff
2051 2493 2107 2544 ifir
2124 2492 2280 2531 <1‘unhar

177 2544 391 2585 Esheornars
407 2543 495 2596 scin,
522 2548 591 2585 διε.
619 2547 641 2585 i.
666 2560 697 2586 e.
716 2547 971 2598 Reginmotus
995 2546 1161 2586 construi
1179 2547 1268 2586 fecit
1279 2545 1481 2600 fipulcram
1498 2545 1688 2588 Gunharo
1706 2549 1929 2589 Esbeornari
1952 2547 2051 2587 filio:
2080 2547 2114 2585 8<
2134 2559 2161 2585 n
2185 2556 2280 2596 942.

177 2598 263 2638 Oler
291 2595 444 2636 Shialdol
461 2612 477 2636 s
498 2596 568 2649 βυ
596 2597 641 2637 let
663 2612 752 2653 gera
784 2599 895 2650 livaff
917 2599 1046 2638 thenna
1072 2600 1130 2650 ifir
1161 2610 1169 2634 ι
1199 2613 1364 2638 unus-ru:
1379 2600 1508 2653 filaga
1522 2599 1583 2653 fin
1603 2601 1716 2656 goda,
1740 2604 1809 2642 ἃς.
1838 2604 1852 2642 i
1890 2617 1921 2642 e,
1953 2601 2070 2641 Olaus
2082 2595 2280 2640 Shialdolfi

175 2651 276 2693 filius
301 2648 466 2692 construi
496 2650 587 2691 fecit
601 2649 806 2703 fipulcrnm
832 2651 906 2691 hoc
923 2654 1106 2693 Gunnaro
1152 2654 1276 2693 amico
1301 2652 1369 2693 suo
1389 2654 1506 2695 bono.

123 2706 181 2756 m)
206 2707 257 2746 St.
279 2704 407 2757 dugan.
432 2705 474 2742 B.
492 2704 526 2742 8<
542 2707 578 2757 J.
595 2704 732 2744 restius
751 2717 843 2743 cum
861 2718 885 2742 n
907 2708 1103 2757 geminato
1143 2706 1284 2748 Matth.
1311 2719 1342 2754 1,
1364 2719 1395 2751 7.
1424 2721 1492 2749 20.
1512 2710 1690 2748 Praeterea
1708 2721 1732 2746 v
1760 2707 1900 2758 Junius
1918 2707 1960 2747 in
1976 2720 2068 2748 voee
2087 2705 2281 2761 duginnam

124 2761 169 2810 n)
194 2762 335 2800 Parum
359 2757 519 2809 quidem
543 2757 676 2804 refert,
704 2756 766 2797 sed
785 2756 941 2798 observo
967 2770 1096 2800 tamen
1116 2760 1235 2800 editos
1254 2760 1391 2800 habere
1419 2760 1662 2801 mikelidedun.
1681 2759 1819 2801 Matth.
1843 2772 1877 2811 9,
1902 2768 1919 2803 8
1967 2759 2060 2800 Luc,
2085 2767 2129 2807 5,
2159 2759 2221 2798 26.
2261 2771 2284 2798 a

176 2811 310 2860 mikils,
340 2823 526 2862 magnus,
557 2807 687 2850 Sueth.
714 2810 851 2860 mykla,
879 2810 962 2851 Esai
991 2818 1051 2860 ⁵3·
1080 2825 1116 2860 7.
1151 2813 1259 2866 quod
1290 2813 1383 2855 nob.
1410 2814 1678 2852 §tiernhieamius
1705 2828 1785 2854 non
1816 2814 2065 2854 incommode
2093 2813 2235 2852 derivat
2262 2825 2285 2851 a

174 2878 322 2920 magau,
348 2864 472 2917 poffe3
501 2864 642 2916 quippe
665 2876 811 2916 quum,
838 2878 997 2918 quoquo
1022 2866 1142 2906 modo
1171 2865 1372 2906 aestimetur
1398 2879 1584 2920 magnum,
1622 2869 1850 2918 quantitate,
1876 2869 1935 2907 vel
1961 2868 2160 2921 qualitate,
2188 2879 2209 2905 a
2216 2879 2284 2918 po-

177 2920 285 2957 tentia
302 2917 615 2970 magnitudinem
639 2915 745 2956 suam
764 2917 900 2957 habeat
937 2932 972 2958 v.
995 2920 1139 2959 lb'acht.
1168 2920 1284 2961 Gloff.
1314 2934 1353 2972 p.
1371 2931 1468 2970 ¹077

126 2971 165 3023 ο)
191 2970 296 3012 Editi
314 2971 423 3012 bene.
478 2972 522 3011 C.
541 2974 637 3022 Arg.
658 2968 886 3022 quitlzandas:
908 2971 1056 3012 Gothus
1076 2982 1122 3011 ut
1138 2972 1300 3019 videtur,
1330 2969 1598 3024 compendioso
1615 2971 1804 3016 scribendi
1822 2987 1961 3028 genere
1988 2971 2144 3024 usurus,
2170 2972 2286 3022 lineo-

176 3024 254 3067 lam
269 3024 392 3076 illam,
419 3033 553 3065 notam
574 3024 622 3063 τὲ
645 3036 692 3073 n,
717 3018 878 3077 syllabae
901 3023 1059 3068 ultimae
1084 3022 1371 3078 superinducere
1398 3025 1582 3079 neglexit.
