2473 3380
624 85 730 142 DE
761 87 941 142 LING
949 88 1048 145 UA
1079 82 1359 147 cometa
1390 76 1785 150 ARGENTEa
2212 104 2308 165 265

94 210 242 260 Aurki
436 213 443 219 ’
481 196 497 232 ,⁴
609 229 612 233 ¹
724 233 726 236 >
1232 208 1421 256 Urceus.

89 280 259 338 Sineigs
1232 275 1388 323 Senex.

88 345 272 391 Auralia
1233 340 1366 387 Orale
1389 340 1456 388 vel
1474 342 1696 400 orarium,
1727 341 1759 390 i.
1783 358 1823 391 e.
1844 339 2092 394 Sudarium.

85 432 238 478 Taceo
257 427 362 485 alia,
395 441 589 488 quorum
609 426 827 487 ingentem
845 443 1084 475 numerum
1105 425 1235 474 affere
1255 426 1441 490 poffem.
1510 432 1612 494 Jam
1637 444 1742 476 vero
1766 427 1839 476 etfi
1867 427 2104 476 indubium
2132 426 2201 489 fit,
2236 450 2308 480 ea-

88 498 190 544 dem
212 510 348 542 matre
366 493 460 542 usas
478 491 617 556 fuisse
633 494 711 541 has
738 509 823 540 tres
851 494 1043 555 linguaS,
1078 494 1211 554 idque
1229 497 1302 552 ita,
1327 511 1375 542 ut
1397 497 1588 543 Gothica
1606 499 1654 544 L.
1689 493 1917 543 sororibus
1941 494 2030 542 suis
2056 493 2308 558 saepiuscule

83 563 229 610 lucem
246 559 448 624 praeferat
465 598 476 619 ‚
508 560 556 620 *)
592 576 733 621 quum
752 561 897 609 tamen
918 563 970 608 L.
992 559 1234 621 Ulphilana
1256 558 1373 608 hisce
1402 564 1638 622 graecismis
1668 561 1711 608 ἃ
1735 562 1966 610 latinismis
1981 563 2138 617 vmulto
2165 566 2309 625 magis

85 645 219 689 quam
242 629 327 676 ulla
347 629 616 688 reliquarum
638 624 924 672 dialefiiorum
946 626 1243 673 Gothicarum
1270 643 1345 674 aut
1363 626 1705 675 Theotiscarum
1730 626 1904 688 scateat,
1938 628 2166 677 verisimile
2191 632 2307 678 mihi

83 696 281 754 videtur,
316 696 403 742 loci
424 694 517 742 {itui
540 694 582 741 δι
602 694 779 754 imperii
801 690 1019 747 societati,
1053 692 1140 740 hoc
1162 694 1398 739 maximam
1417 710 1586 756 partem
1605 693 1688 741 esse
1713 693 2026 757 assignandum.
2096 698 2305 745 Vidimus

85 763 227 817 enim,
264 760 465 808 Mcefiam
483 762 693 811 Romanis
722 756 910 806 fascibus
931 758 1009 805 diu
1038 757 1244 820 paruisse.
1315 761 1486 807 Graecia
1513 778 1618 807 vero
1647 765 1917 810 contermina
1944 760 2050 818 fuit,
2085 762 2128 810 δ(
2157 765 2304 811 multo

82 828 203 876 haud
222 828 354 875 dubie
375 826 641 874 commercio
663 826 815 873 vicinis
836 825 1000 872 Gothis
1019 822 1271 883 familiaris,
1304 841 1354 873 ut
1371 826 1481 874 adeo
1501 824 1671 874 facilius
1690 845 1786 874 eam
1806 832 2136 890 cognationem,
2166 830 2304 891 qua‘m

84 896 327 954 antiquitus
347 911 447 941 cum
471 897 520 940 L.
540 894 691 939 Graeca
709 893 887 949 habuit,
921 892 1012 938 haec
1033 890 1176 938 nostra
1198 889 1364 939 servare
1383 895 1594 954 potuerit.
1664 897 1770 956 Qo
1800 898 1932 941 etiam
1960 893 2085 952 facit,
2118 899 2240 957 quod
2259 900 2304 944 in

10 988 11 992 =
81 962 273 1008 Ponticis
291 959 546 1022 regionibus
565 961 749 1018 integras
769 957 898 1005 urbes
916 955 1041 1004 fuiffe
1059 959 1217 1005 Graeco
1237 955 1436 1006 sermone
1460 974 1648 1018 utentes,
1684 958 1857 1009 testetur
1878 961 2102 1011 Ovidius:

554 1025 613 1073 In
643 1028 805 1088 paucis
838 1036 1070 1073 remanent
1107 1024 1275 1088 Grajoe
1308 1028 1501 1092 vestigia
1544 1027 1732 1092 linguoe.

555 1091 672 1140 Ha’c
704 1107 868 1156 quoque
892 1092 993 1154 jam
1032 1091 1226 1140 Gothico
1259 1091 1464 1141 barbara
1485 1090 1616 1156 sada
1633 1090 1764 1156 sbno.

83 1159 258 1226 Qibus
279 1157 421 1210 verbis
443 1155 585 1208 nescio
603 1175 657 1205 an
676 1157 843 1219 aliquid
861 1159 1101 1205 accuratius
1122 1162 1175 1208 L.
1195 1156 1569 1222 Moesogothicam
1593 1159 1832 1222 depingere
1859 1160 2005 1222 poffit.

1072 1268 1133 1335 §.1
1182 1272 1297 1323 xm.

220 1374 349 1424 7m0.
382 1362 500 1407 Inter
523 1358 734 1407 vocabula
763 1356 904 1405 latinae
935 1359 1120 1421 originis
1152 1357 1289 1409 refert
1318 1376 1500 1421 quoque
1532 1359 1812 1414 Wachterus
1838 1361 1950 1413 illud
1975 1364 2142 1425 Kirna,
2175 1368 2301 1428 quod

81 1429 244 1480 Matth.
262 1431 318 1485 V,
344 1435 424 1477 26.
447 1429 648 1474 occurrit.
714 1425 857 1474 Amen
876 1420 1034 1488 quitha
1049 1432 1175 1484 thus,
1207 1431 1256 1475 ni
1283 1432 1504 1496 usgaggis
1523 1425 1763 1491 jainthrof,
1791 1441 1902 1479 unte
1926 1431 2102 1498 usgibis
2120 1431 2300 1486 thanna

79 1498 319 1558 minnistan
335 1497 458 1543 kintu
480 1496 510 1541 i.
532 1511 570 1542 e.
626 1492 774 1541 Amen
795 1491 894 1539 dico
914 1493 1015 1550 tibi,
1049 1511 1138 1540 non
1157 1493 1293 1539 exibis
1313 1494 1426 1552 inde,
1446 1513 1588 1556 usque
1610 1497 1717 1543 dum
1735 1497 1889 1549 reddas
1907 1499 2146 1547 minimum
2169 1518 2297 1549 num-

77 1562 273 1611 mulum.
343 1561 479 1608 Haud
498 1560 577 1606 ulli
595 1561 773 1621 peperci
792 1558 953 1614 labori,
987 1575 1037 1606 ut
1057 1561 1329 1621 indagarem,
1364 1561 1544 1612 ubinam
1562 1567 1761 1623 gentium
1780 1579 1969 1615 monetae
2000 1563 2159 1627 species
2180 1567 2300 1627 effer,

81 1646 180 1690 quae
199 1629 287 1677 hoc
305 1644 466 1674 nomen
486 1640 664 1687 gereret.
719 1625 767 1672 Id
784 1627 904 1672 enim
925 1624 954 1672 si
974 1624 1128 1673 rescire
1149 1628 1336 1682 daretur,
1366 1627 1485 1674 haud
1504 1628 1638 1678 dubie
1657 1630 1801 1681 valido
1821 1630 1987 1681 indicio
2006 1634 2147 1692 patria
2166 1636 2297 1682 inter-

78 1696 214 1757 pretis
231 1691 509 1756 proderetun
575 1692 659 1739 Sed
679 1692 792 1738 mihi
812 1693 1011 1739 nondum
1027 1692 1239 1750 constitit,
1273 1695 1523 1752 Romanos,
1552 1697 1635 1755 qui
1652 1696 1911 1756 quadrantes
1934 1696 1978 1743 δε
2000 1696 2205 1747 sextarios
2223 1701 2299 1748 ha-

78 1762 213 1808 buere
225 1797 237 1818 ‚
269 1777 294 1807 a
314 1761 514 1821 quinario
535 1775 720 1805 numero
738 1773 960 1805 monetam
979 1760 1200 1819 quandam
1224 1758 1506 1821 nuncupass'e.
1576 1762 1773 1812 Eruditis
1789 1765 1937 1823 itaque
1955 1763 2139 1811 ulterius
2156 1767 2300 1827 inqui-

78 1828 265 1875 rendum
286 1827 456 1887 linquo,
471 1843 523 1872 an
544 1826 676 1872 huius
695 1840 881 1872 monetae
901 1824 1077 1888 vestigia
1093 1826 1251 1873 alicubi
1270 1823 1564 1878 offendantur.
1633 1829 1866 1878 Probabiie
1887 1831 2047 1878 interea
2065 1830 2139 1888 est,
2153 1850 2298 1894 quum

80 1896 268 1941 minima
285 1895 380 1940 aeris
400 1890 600 1940 mensura
624 1908 672 1939 ut
691 1892 939 1953 plurimum
964 1893 1085 1954 apud
1111 1895 1317 1953 antiquos
1344 1891 1515 1953 pensilis
1540 1892 1667 1953 ess'et,
1696 1912 1779 1944 vnec
1806 1895 1987 1957 signata,
2021 1897 2067 1944 id
2088 1899 2211 1958 quod
2241 1900 2297 1948 de

77 1959 336 2007 nostratium
362 1963 642 2026 penningar‚
683 1957 859 2020 speciali
886 1956 1008 2006 sensu
1036 1961 1094 2005 ita
1122 1956 1275 2016 dietis,
1316 1975 1488 2013 certum
1513 1960 1599 2019 sest,
1639 1963 1884 2012 minimum
1917 1963 2128 2026 ponderis
2156 1982 2297 2027 genus

80 2030 256 2093 quintin
275 2026 375 2072 inde
393 2041 554 2072 nomen
573 2023 698 2084 suum
718 2026 765 2070 in
791 2024 922 2072 borea
941 2023 1160 2087 accepiffe.
1477 2066 1480 2067 a

211 2092 404 2142 Monere
430 2089 612 2138 fortaffis
642 2091 803 2148 debeo,
833 2108 910 2139 nec
929 2093 1129 2154 linguam
1146 2091 1405 2146 Francicam
1427 2090 1671 2146 ‘latinorum
1698 2093 2017 2143 vocabulorum
2044 2098 2297 2147 immunem

83 2158 187 2219 esse3
218 2157 288 2216 sed
305 2158 494 2218 videbit,
527 2159 778 2219 quicunque
797 2157 853 2204 ad
872 2175 920 2205 ea
937 2160 1138 2205 animum
1154 2157 1407 2215 attenderit,
1436 2160 1689 2222 theologica
1703 2162 1797 2209 -haec
1817 2159 1907 2208 fere
1927 2161 2030 2220 effe,
2063 2179 2140 2211 aut
2163 2167 2296 2213 etiam

81 2229 245 2275 artium
264 2224 499 2282 vocabula,
534 2241 631 2284 quae
652 2225 821 2285 clerici,
853 2240 905 2273 ut
921 2222 1208 2273 transferendi
1220 2224 1427 2279 iaborem
1445 2228 1652 2288 vitarent,
1681 2229 1961 2290 retinuerint,
1990 2229 2035 2277 ὅ(
2055 2231 2166 2279 adeo
2188 2232 2300 2293 Ger-

81 2295 250 2342 manica
268 2293 438 2341 civitate
457 2291 728 2342 donaverint.

210 2471 261 2514 In
284 2485 470 2516 numero
488 2470 756 2516 exoticarum
772 2470 931 2518 vocum
951 2469 1110 2532 linguae
1124 2473 1196 2523 M.
1211 2472 1277 2527 G
1290 2486 1528 2534 ponuntur
1547 2488 1727 2535 quoque
1745 2490 1769 2520 a
1792 2467 2043 2526 Wchtero‘
2057 2473 2102 2520 in
2121 2471 2217 2524 diff.
2241 2475 2297 2524 de

79 2536 230 2598 lingua
249 2535 409 2600 codicis
427 2537 641 2597 argentei,
673 2533 824 2583 inserta
846 2534 1234 2593 miscell¹.,B,er91in.
1259 2542 1323 2592 Τ.
1343 2553 1386 2588 2.
1405 2540 1518 2597 aliae,
1550 2558 1660 2601 quas
1680 2540 1922 2588 barbaricas
1947 2540 2152 2602 appellat,
2196 2544 2294 2590 Has

80 2617 230 2650 autem
249 2605 300 2647 ut
318 2599 409 2648 uno
436 2599 545 2649 fasce
571 2600 772 2649 colleE'tas
800 2603 947 2650 videre
971 2602 1106 2665 possit
1125 2607 1180 2656 JB.
1196 2608 1251 2660 L.
1271 2605 1526 2670 catalogum
1544 2607 1902 2656 Wachterianum
1929 2607 2026 2654 heic
2055 2604 2296 2668 subiiciam,

68 2664 403 2717 observationes
419 2665 649 2715 nonnullas
667 2669 812 2716 eidem
830 2667 944 2718 infra
960 2668 1281 2726 subiunssiurus.
1412 2676 1414 2678 ’

2165 2740 2293 2800 Aba,

132 2827 508 2924 *)101Jtendimufsid
526 2831 566 2871 in
583 2828 688 2884 praef.
706 2825 968 2886 prioris'pattiS
984 2833 1104 2892 Ulph.
1123 2813 1252 2880 illustr.
1262 2815 1342 2879 ‘nec
1359 2848 1440 2878 non
1455 2835 1650 2890 prooemiis
1667 2833 1939 2889 speciminibus
1955 2838 2002 2879 11.
2021 2820 2057 2878 5}
2074 2837 2140 2880 111.
2150 2838 2292 2893 >ulphi-

201 2896 281 2924 ams
299 2896 431 2936 praem1
461 2897 503 2926 is.

1239 2947 1277 2991 L
1300 2945 1316 2993 l
