2473 3380
503 117 733 177 INTER
766 123 1304 180 MOESOGOTHOS
1337 123 1852 185 REPERIUNDIS.
2196 149 2288 203 13'9

76 241 220 301 prima
238 239 406 300 origine
425 254 635 300 repetam,
660 236 883 287 sciendum
904 239 974 296 est,
997 237 1356 291 withrawairtlzs
1374 244 1419 289 in
1439 243 1586 305 lingua
1609 243 1936 306 Moesogothica
1957 247 2160 299 denotare
2181 244 2289 302 con-

72 308 275 353 trarium.
303 309 442 353 Marc.
462 321 535 363 11,
554 317 601 356 2.
675 311 726 353 ln
751 305 873 355 hamz
902 305 976 355 tho
1007 306 1401 358 witbrawairthon
1430 313 1631 377 iggqm's,
1667 314 1711 357 in
1731 311 1962 370 castellum,
1992 318 2112 375 quod
2139 337 2290 369 contra

72 389 150 417 vos
172 371 244 420 est.
277 376 381 420 Luc.
398 380 439 428 8,
454 379 518 419 26
604 372 658 420 ln
683 379 811 440 gawi
833 373 1082 423 Gadarene
1106 377 1247 424 thatei
1277 379 1325 444 ifl
1343 376 1687 426 withrawairth
1710 379 1967 436 Galeilaia,
1996 383 2041 428 in
2061 387 2288 444 regionem

72 439 430 496 Gadarenorum‚
465 456 560 498 quae
588 438 647 485 est
675 456 822 487 contra
850 441 1094 491 Galilaeam.
1138 442 1393 502 Compofita
1419 459 1565 491 autem
1585 462 1668 492 vox
1691 444 1748 491 est
1767 463 1790 491 a
1810 443 2002 503 withra,
2038 466 2210 509 contra,
2246 454 2290 500 ὅ(

69 501 276 563 wairtlzs,
311 505 431 565 quod
455 504 745 568 postpositum
765 508 945 554 vocibus
963 506 1195 568 respondet
1215 511 1309 557 Lat.
1332 507 1501 567 versus,
1526 513 1589 557 uti
1619 509 1820 559 observat
1840 511 2079 579 Hickefius,
2114 517 2205 569 Gr.
2224 520 2288 569 A.

70 569 119 619 S.
141 589 184 632 p.
205 585 282 632 77.
324 569 539 633 Anglosax
586 573 842 628 andweara',
870 570 1069 635 praesens,
1100 573 1217 633 quafi
1243 590 1264 619 e
1282 577 1461 635 regione
1480 576 1661 637 pofitus.
1729 579 1871 627 Alem.
1891 583 2140 639 antuuard,
2171 586 2288 632 unde

69 637 188 698 apud
206 696 209 698 ,
226 640 445 688 [seronem
476 641 520 686 in
549 638 707 686 Gloffis
733 640 809 688 der
828 651 1108 688 antuuartan
1135 639 1265 696 libes,
1299 639 1518 701 praesentis
1539 646 1655 700 vitae,
1687 647 1811 691 cuius
1834 649 2104 695 contrarium
2131 649 2189 696 est
2210 652 2287 698 Ul-

66 705 298 765 philanum
319 706 615 763 anawairtlzs,
639 708 759 766 quod
778 721 895 752 retro
914 703 971 751 est
997 705 1039 751 ὃ(
1058 704 1157 766 post
1177 702 1392 752 futurum.
1451 708 1841 760 thirawairths
1861 716 2004 773 itaque
2024 730 2144 763 notat
2162 706 2285 777 quoti

67 770 293 818 adversum
325 770 404 826 est,
436 772 502 831 ὅτ,
529 774 785 834 metaphora
807 771 1012 818 omnibus
1031 772 1192 833 linguis
1212 775 1462 830 communi,
1494 775 1538 821 id
1556 777 1676 836 quod
1696 777 1948 828 molestum.
2007 784 2128 829 Hinc
2149 785 2193 829 in
2214 786 2288 832 iis'·

67 836 169 882 dem
194 837 352 884 Gloffis
377 839 649 887 Keronz'anis
668 838 1029 887 uuidaruuartiu
1050 837 1255 898 fignificat
1273 840 1503 899 iniuriam,
1532 842 1649 902 apud
1679 844 1919 892 Tacianum
1940 839 2286 910 um’daruuortb,

66 920 143 950 nec
165 923 253 950 non
277 907 319 950 in
343 906 489 965 lingua
509 902 861 966 Anglosaxonum
883 902 1231 958 wither-weard,
1247 909 1531 960 contrarium,
1558 907 1869 956 adversarium.
1892 928 1929 959 v.
1950 911 2099 962 Math.
2120 931 2136 962 1
2150 932 2191 973 2,
2208 931 2235 967 2
2244 932 2284 977 ς.

64 971 198 1031 Apud
221 988 302 1016 nos
324 973 660 1037 wederwc‘irdz'g‚
680 971 722 1016 ὅτ
740 973 856 1031 apud
877 972 1123 1017 Germanos
1142 970 1476 1038 widerwc'z'rtig,
1505 973 1570 1030 id,
1592 976 1714 1034 quod
1735 974 1968 1022 molestum
1990 977 2069 1034 est,
2092 982 2284 1045 denotat,

63 1037 471 1102 wederwnrdighet,
500 1038 801 1092 calamitatem,
829 1038 892 1083 uti
914 1037 1043 1083 habet
1071 1039 1283 1085 canticum
1304 1036 1494 1087 sacrum:
1524 1037 1623 1089 then
1646 1040 2171 1109 wederwerdiglzet‚fi·m
2190 1053 2285 1116 mig

62 1103 219 1151 clauda
240 1106 441 1169 trycker,
461 1104 678 1150 calamitas
692 1135 704 1157 ‚
724 1120 821 1164 quae
841 1121 912 1150 me
934 1102 1140 1151 miserum
1161 1107 1335 1166 premit.
1392 1109 1555 1170 Qaero
1585 1124 1746 1162 autem,
1773 1126 1827 1154 an
1849 1111 2083 1169 quicquam
2103 1112 2283 1163 {imilius

54 1167 156 1216 -fieri
176 1168 317 1231 possit,
339 1188 470 1231 quam
490 1171 576 1217 hoc
596 1170 956 1220 uuidaruuartiu
978 1171 1019 1218 δι
1045 1171 1287 1232 mammas,
1307 1172 1349 1219 ὃ(
1371 1189 1477 1219 num
1499 1172 1597 1235 post
1615 1175 1705 1221 haec
1723 1173 1828 1222 fides
1849 1175 1997 1223 haberi
2012 1178 2142 1241 poffit
2160 1182 2280 1232 Pau-

58 1235 142 1296 lla,
164 1238 352 1295 docenti,
383 1238 518 1285 hocce
539 1238 770 1287 vidvertas
792 1240 850 1284 ita
872 1237 975 1297 dici,
1003 1238 1122 1297 quod
1142 1235 1293 1286 viduet
1317 1237 1458 1289 bonis.
2147 1268 2150 1272 ’

260 1368 401 1434 Hlffa
436 1372 479 1417 in
510 1371 643 1417 veteri
675 1370 822 1430 lingua
845 1369 1035 1415 Gothica
1064 1371 1180 1415 idem
1202 1370 1280 1427 est,
1309 1390 1356 1418 ac
1378 1387 1534 1432 tegere,
1569 1372 1715 1430 celare,
1751 1376 1952 1432 condere,
1989 1378 2031 1424 &
2054 1374 2279 1440 speciatim

52 1433 296 1497 usurpatur
324 1440 376 1484 de
406 1455 458 1483 eo
483 1438 697 1497 tegmine,
732 1435 852 1494 quod
881 1434 1081 1481 adversus
1108 1453 1230 1482 arma
1257 1453 1420 1498 corpus
1452 1435 1658 1485 defendit.
1731 1443 1840 1487 Rem
1872 1445 2080 1505 exemplis
2101 1447 2278 1494 demon-

52 1501 212 1550 ·strabo.
245 1503 409 1552 Heims
422 1502 505 1553 Kr.
525 1506 587 1551 Τ.
612 1517 652 1550 1.
672 1518 714 1564 p.
742 1507 847 1561 369.
889 1500 1272 1568 OlafurKongur
1292 1501 1378 1552 bra
1396 1502 1500 1572 yser
1511 1504 1575 1570 fik
1585 1504 1850 1567 skildinom‚
1869 1514 2123 1578 ocstqyptg'st
2142 1518 2158 1562 i
2179 1512 2277 1578 kas}

50 1584 108 1619 'oc
127 1567 256 1633 lzftlzi
257 1571 358 1635 ster
360 1567 466 1634 swa
486 1569 577 1617 wid
580 1567 785 1635 spiotum
800 1585 815 1616 .·
853 1569 1025 1618 Olavus
1044 1571 1131 1615 Rex
1158 1568 1279 1617 scuto
1306 1568 1384 1617 suo
1410 1569 1451 1617 se
1473 1574 1669 1633 operuit,
1701 1575 1835 1635 inque
1857 1576 1993 1623 altum
2014 1576 2053 1623 se
2076 1581 2275 1639 proiecit,

59 1638 103 1684 ἃ
121 1638 179 1683 ita
198 1634 237 1682 se
259 1654 406 1684 contra
427 1634 593 1683 miffilia
611 1637 727 1686 texit.
762 1634 875 1684 lbid.
897 1652 946 1697 p.
972 1644 1081 1698 381.
1114 1635 1306 1702 Kongur
1322 1635 1416 1686 bad
1429 1637 1507 1686 tha
1525 1637 1754 1703 blifaster,
1778 1644 1866 1687 Rex
1886 1637 2024 1703 petiit,
2045 1660 2093 1691 ut
2111 1643 2151 1692 se
2166 1662 2277 1708 tege-

59 1717 170 1751 rent.
192 1703 348 1752 Biblia
368 1705 447 1765 lsl.
487 1719 504 1750 1
524 1701 758 1750 Macchab.
783 1717 825 1764 3.
859 1701 1019 1767 Judas
1038 1702 1308 1772 lzlq’fdefisna
1327 1701 1499 1754 lzerlide
1516 1704 1621 1754 med
1619 1705 1737 1772 spne
1738 1705 1927 1771 swerdi‚
1951 1708 2109 1775 Judas
2127 1716 2276 1774 copias

49 1767 155 1816 suas
182 1767 276 1817 ense
306 1766 384 1818 sud
417 1767 622 1819 defendit,
645 1768 705 1817 ib.
735 1769 1005 1818 2Macchab.
1021 1785 1065 1829 ς.
1108 1768 1500 1839 ΜεηἹιίιΥάιιβεν
1523 1773 1626 1821 med
1628 1772 1680 1838 s
1673 1772 2007 1834 lez‘olldunnum,
2031 1779 2124 1824 Viri
2147 1775 2275 1827 scutis

52 1833 100 1884 'se
119 1836 337 1899 tegebant.
371 1839 493 1884 Hinc
506 1835 755 1882 derivatum
778 1835 992 1883 habemus
1014 1834 1119 1901 hlif,
1137 1835 1271 1899 hlzfd,
1285 1836 1470 1889 scutum.
1490 1841 1542 1889 K
1538 1842 1650 1906 nytl.
1664 1841 1717 1890 S.
1736 1858 1784 1902 p.
1804 1858 1882 1902 94.
1919 1843 2176 1894 Lammduz
2196 1844 2278 1896 lzli-

48 1902 141 1969 far
160 1903 340 1953 theirra
363 1902 619 1971 afgriotzd,
637 1902 1012 1964 pertundebantur
1030 1902 1147 1952 scuta
1169 1922 1323 1952 eorum
1345 1905 1399 1952 ab
1417 1906 1613 1954 immiffis
1636 1907 1870 1970 lapidibus.
1907 1911 1986 1961 Ol.
2007 1911 2212 1980 Tryggv,
2227 1913 2277 1964 S.

50 1988 108 2039 p.
132 1981 246 2028 228.
284 1972 395 2020 Med
408 1968 615 2033 '‘sterkum
642 1967 829 2030 blisum,
859 1967 1050 2017 fortibus
1072 1969 1218 2021 scutis.
1267 1971 1435 2021 Gretla
1457 1975 1575 2036 apud
1595 1975 1845 2034 Varenum,
1873 1978 1920 2024 in
1948 1979 2063 2025 notis
2086 1981 2140 2027 ad
2158 1982 2279 2048 Hss.

59 2037 304 2087 Herraudi
322 2054 368 2099 p.
388 2048 416 2093 8
426 2043 470 2086 6.
536 2037 651 2086 Han
673 2033 992 2099 beitjarnfi’m
1011 2036 1168 2095 Maedi,
1204 2037 1397 2103 hlyfdar
1409 2037 1511 2103 fim
1529 2040 1657 2100 hold,
1692 2039 1861 2090 ferrum
1893 2061 2015 2105 aeque
2035 2050 2277 2105 penetravit

60 2104 205 2164 (ensis)
237 2120 284 2150 ac
313 2121 525 2165 pannum,
555 2103 596 2150 δι
625 2100 793 2148 scutum
813 2103 994 2164 perinde
1021 2123 1068 2151 ac
1097 2123 1288 2155 carnem.
1357 2109 1478 2154 Hinc
1504 2107 1582 2165 est,
1619 2109 1740 2169 quod
1759 2111 1878 2171 apud
1899 2112 2085 2159 maiores
2106 2112 2276 2161 nostro‘s

59 2188 179 2218 arma
200 2170 496 2216 dividerentur
516 2171 561 2215 in
574 2166 811 2232 folkwakn
829 2169 872 2215 ἃ
898 2165 1101 2234 lifwakn,
1121 2172 1164 2217 h.
1184 2189 1223 2220 e.
1247 2189 1368 2219 arma
1388 2173 1548 2232 quibus
1572 2174 1786 2232 offenfive‚
1823 2177 1886 2224 uti
1904 2179 2074 2236 dicitur,
2101 2180 2276 2239 quibus-

60 2253 145 2298 que
172 2233 384 2282 defenfive
403 2238 564 2297 agitur.
593 2253 631 2285 v.
653 2231 781 2296 Helfi
805 2238 861 2284 L.
885 2234 1027 2299 Arfd.
1050 2239 1103 2285 Β,
1127 2254 1161 2283 c.
1189 2253 1263 2299 14.
1297 2233 1502 2300 Lffwakt
1529 2242 1648 2300 apud
1669 2257 1749 2286 nos
1775 2242 1969 2287 indidem
1990 2243 2194 2291 dicuntur
2212 2245 2277 2293 sa-

59 2303 215 2351 tellites
234 2304 356 2363 regii,
375 2301 704 2368 lifwgemente,
737 2299 973 2364 lifknecht‚
1011 2320 1197 2364 quaeque
1216 2304 1262 2351 id
1280 2320 1416 2366 genus
1439 2302 1538 2352 sunt
1554 2306 1657 2365 alia,
1693 2323 1784 2353 non
1801 2324 1824 2353 a
1847 2308 1932 2354 vita
1953 2306 2069 2372 (lff)
2087 2312 2144 2358 ita
2163 2329 2274 2360 nun·

62 2384 230 2432 cupata,
265 2368 334 2416 sed
361 2372 566 2430 corporiss
590 2370 700 2430 regii
722 2370 852 2416 tutela

204 2491 208 2493 ῃ
260 2439 310 2482 In
340 2435 489 2482 codice
507 2451 710 2498 argenteo
738 2433 888 2500 hlzsan
909 2432 1050 2483 furari
1069 2451 1202 2495 notat,
1238 2439 1405 2500 quippe
1424 2439 1545 2498 quod
1565 2439 1628 2486 nil
1647 2439 1763 2487 aliud
1787 2440 1857 2494 est,
1893 2459 2024 2501 quam
2046 2461 2128 2502 reS,
2155 2445 2280 2503 alteri

61 2502 247 2550 domino
267 2501 436 2559 ablatas,
469 2503 587 2564 apud
606 2500 649 2548 se
669 2501 873 2551 condere.
941 2506 1034 2550 Fur
1053 2504 1156 2550 alias
1175 2505 1236 2552 ibi
1256 2502 1407 2554 tlziubs
1426 2506 1682 2567 appellatur,
1712 2507 1886 2573 tlztubja
1908 2506 2037 2562 furta,
2064 2511 2117 2557 ab
2138 2511 2280 2569 occul-

62 2571 220 2626 tand0,
257 2568 376 2628 quod
399 2584 516 2630 patet
542 2587 592 2614 ex
612 2584 798 2630 cognato
819 2568 995 2634 thubjo‚
1027 2570 1284 2630 clanculum,
1320 2573 1365 2617 in
1388 2574 1586 2619 occulto:
1615 2574 1721 2636 Juh.
1748 2584 1820 2631 18²
1845 2589 1922 2624 20.
1957 2575 2107 2641 thubjo
2127 2586 2172 2625 ηε
2200 2594 2280 2627 ro-

60 2636 171 2685 dida
202 2635 364 2692 wailn‘,
398 2637 443 2681 in
472 2635 643 2682 occuito
676 2634 736 2680 nii
765 2637 939 2683 locutus
969 2635 1082 2688 sum.
1152 2641 1257 2685 Hoc
1285 2655 1389 2685 vero
1413 2636 1536 2697 facit,
1572 2655 1621 2686 ut
1644 2642 1895 2691 Wacluero
1917 2660 2006 2689 non
2029 2642 2278 2705 adstipuler,

60 2704 140 2763 qui
171 2703 382 2762 quoniam
404 2701 550 2762 Ulph.
573 2698 707 2757 thive,
726 2702 957 2764 Anglosax.
986 2704 1138 2762 theow,
1159 2701 1380 2752 famulum
1403 2721 1543 2763 notat,
1574 2723 1596 2753 a
1624 2704 1753 2754 servis
1786 2725 1975 2770 nequam
1993 2710 2046 2756 ad
2067 2707 2183 2757 fures
2203 2729 2278 2759 no-

26 2766 165 2816 ³men
186 2765 395 2815 transiiss'e
414 2782 551 2829 putat.
595 2765 715 2814 Nem
735 2768 833 2816 licet
854 2770 1009 2819 Germ.
1033 2770 1144 2827 dieb,
1172 2772 1214 2818 ἃ
1231 2770 1340 2818 servi
1360 2789 1520 2818 nomen
1540 2774 1832 2834 Ulphilanum
1854 2775 1996 2833 tbi-we,
2016 2777 2103 2837 (vel
2123 2775 2282 2826 reffius

64 2835 203 2897 thius,
230 2854 272 2884 ν.
295 2835 476 2881 Schema
495 2832 679 2896 XXXV)
708 2832 866 2895 sonum
890 2834 1063 2884 affinem
1090 2838 1303 2899 habeant3
1337 2854 1522 2885 attamen
1551 2843 1714 2885 nemini
1743 2859 1830 2887 non
1861 2843 1905 2886 in
1923 2843 2076 2890 oculos
2100 2846 2282 2891 incurrit

65 2900 328 2959 differentia,
366 2918 464 2962 quae
493 2902 604 2949 inter
632 2897 787 2951 thiubs
813 2901 856 2950 &
884 2901 1007 2953 thius
1031 2905 1280 2963 intercedit,
1315 2922 1498 2967 quaeque
1526 2903 1623 2952 satis
1640 2905 1976 2968 commonstrat,
2001 2909 2165 2958 diversa
2193 2912 2284 2957 laaee

1140 2973 1167 3017 S
1207 2983 1237 3020 2
2119 2973 2285 3025 Moes0=
