2473 3380
547 145 550 149 ·
565 116 697 169 SPE
701 115 876 170 CIME
880 115 935 168 N
964 115 1342 170 GLOSSARII
1375 115 1788 170 ULPHILANI.
2197 127 2300 179 277

72 225 463 298 Afgaggandans‚
495 230 762 288 recedenteS‚
795 229 1123 297 afgfingana'es.
1163 248 1207 280 v.
1222 246 1427 297 gaggan.

73 295 413 363 Afgrunditha,
444 296 639 361 abyffus,
673 295 883 359 afgrund‚
915 315 938 344 a
954 298 1161 363 grands,
1195 299 1316 358 quod
1335 295 1527 359 superest
1546 298 1592 344 in
1608 312 1715 345 voce
1731 291 2147 364 grunduwaddjau,
2174 294 2292 347 Luci

147 367 195 418 6,
216 374 295 426 48.
328 362 682 412 fundamentum.
739 366 806 410 De
825 381 916 423 quo
935 365 1153 411 vocabulo
1176 382 1255 411 nos
1276 362 1390 410 infra
1408 364 1607 414 uberius.
2335 394 2339 401 ‹

71 426 338 494 Afhrirjan,
373 447 589 479 excutere:
626 449 650 478 a
669 433 804 478 veteri
822 431 1019 478 Gothico
1038 429 1155 497 rifiz,
1184 432 1308 478 cuius
1328 427 1699 492 frequentativum
1718 427 1910 494 superest
1926 430 2037 497 rista
2059 464 2072 488 ‚
2105 443 2293 491 quatere,

141 511 356 547 excutere.

71 559 291 623 Afholon,
324 560 512 612 auferre.
546 579 586 610 v.
607 561 783 625 simplex
809 558 956 612 holon.

73 628 281 695 Afiddja,
319 628 509 687 discessit‚
530 629 582 676 ab
602 629 712 694 af&
729 629 863 676 verbo
883 629 1026 694 ἰᾱιζία,
1050 643 1253 692 tempore
1273 629 1501 692 irregulari
1517 628 1637 678 verbi
1652 647 1862 700 gaggan,
1886 629 2007 693 quod
2026 646 2069 680 ν.
2084 629 2130 676 in
2147 624 2292 694 iddja·

73 695 311 761 Aflagjan,
346 698 586 757 deponere,
621 698 822 762 afl'a'igga,
853 698 1036 743 recurrit
1056 698 1099 742 in
1120 696 1305 759 simplici
1333 698 1522 761 lagjan,
1557 715 1735 759 ponere.

77 763 277 828 Aflailot,
313 761 451 809 emisit
464 799 475 819 ,
506 763 700 824 reliquit.
745 765 952 824 Tempus
970 761 1028 810 est
1045 766 1314 824 praeteriturn
1332 764 1453 810 verbi
1465 766 1647 828 afletam
1681 767 1872 812 occurrit
1888 765 1986 812 heic
2004 776 2292 827 augmentum

140 827 428 892 syllabicum:
459 831 631 895 aflailot
650 846 733 889 pro
751 830 878 895 aflot,
914 845 962 875 ut
978 846 1002 875 a
1021 832 1169 886 telum,
1203 829 1368 884 taitok,
1404 848 1427 876 a
1438 828 1596 893 filiun,
1622 828 1762 894 ffiffl’z
1798 833 1921 892 quod
1947 847 2090 878 tamen
2110 831 2222 878 male
2243 833 2290 877 in

141 895 409 942 editionibus
430 894 570 960 Junii
591 896 634 942 ἃ
657 893 987 944 ΣιιενηΙιίεΙηιὶἰ
1005 894 1174 942 divisim
1195 892 1339 961 fizisb
1369 898 1581 957 exprimi,
1616 895 1695 943 suo
1725 898 1822 944 loco
1851 897 2172 946 annotabimus·
2209 894 2290 950 cfr.

141 959 320 1025 Hickqs:
336 960 442 1008 thes.
463 962 507 1007 in
527 959 892 1022 GneMaesogoth.
910 978 957 1022 p.
979 969 1058 1023 46.
1094 979 1171 1008 nec
1191 979 1281 1008 non
1301 964 1342 1010 L
1373 977 1394 1008 e
1414 979 1552 1024 gram.
1576 962 1766 1009 Gothica
1797 980 1842 1024 p.
1863 962 2019 1011 XLIX.

73 1027 266 1097 Aflaidz,
301 1024 480 1073 disceffit
499 1027 552 1073 ab
569 1025 803 1093 ustauhan,
839 1029 959 1087 quod
986 1045 1009 1074 a
1029 1027 1214 1090 simplici
1241 1028 1318 1078 leit
1354 1044 1435 1086 an,
1465 1025 1727 1094 galeitham
1762 1030 1956 1076 eiusdem
1984 1026 2163 1077 familiae
2181 1046 2288 1079 voce

142 1112 191 1142 ac
208 1094 482 1141 Islandorum
504 1096 632 1152 Ιείεα,
667 1110 798 1154 quam
820 1096 866 1140 in
895 1093 1130 1154 significatu
1157 1095 1311 1153 eundi,
1344 1095 1533 1142 abeundi
1561 1112 1811 1153 occurrere,
1845 1096 1983 1143 allatis
2012 1097 2059 1142 in
2087 1096 2287 1145 medium

142 1160 372 1223 exempliS‚
407 1159 622 1221 probatur
642 1162 686 1206 in
704 1160 886 1222 Ulphila
907 1159 1115 1208 illustrato
1134 1161 1189 1208 ad
1209 1159 1384 1211 Matth.
1408 1178 1454 1223 7,
1483 1177 1498 1208 ι
1512 1178 1554 1226 3.
1586 1158 1666 1213 cfr.
1684 1164 1792 1209 Svet.
1816 1162 1914 1210 lida
1939 1163 1984 1208 in
2006 1162 2127 1211 tiden
2154 1163 2287 1221 lider,

142 1227 252 1275 hora
270 1230 382 1284 ruit,
410 1226 533 1287 quod
552 1227 708 1275 eodem
727 1224 849 1274 sensu
869 1230 1060 1275 occurrit
1085 1226 1261 1294 Jerem.
1281 1243 1363 1290 49,
1384 1244 1460 1292 30.
1489 1228 1612 1278 ldter
1628 1226 1726 1278 lida
1744 1227 1850 1278 eder
1863 1225 2047 1278 thadan.
2076 1231 2105 1277 i.
2125 1247 2162 1281 e.
2184 1230 2285 1278 inde

138 1295 269 1344 abite.

73 1363 271 1429 Astetam
301 1362 546 1418 remittere,
580 1358 825 1421 dimittere,
859 1362 1086 1409 omittere:
1121 1364 1235 1412 Svet.
1254 1365 1407 1431 qflcita.
1441 1362 1531 1413 vid.
1559 1359 1762 1414 Stiernlz.
1779 1364 1824 1410 in
1842 1380 1974 1412 voce:
2008 1363 2112 1412 hinc
2139 1365 2284 1433 qfleta,

140 1427 345 1478 remiffio,
389 1432 504 1477 Svet.
522 1430 647 1495 astat.

73 1494 299 1564 Aflffnan,
341 1493 517 1552 restare,
554 1492 782 1557 superesse.
824 1491 903 1544 cfr.
935 1492 1053 1561 Jun.
1077 1494 1119 1544 ἃ
1150 1493 1350 1547 Stiernh.
1382 1513 1576 1559 quorum
1606 1496 1854 1561 postremus
1883 1494 2079 1546 observat
2104 1498 2284 1547 harmo-

140 1565 260 1609 niam
280 1562 483 1609 Gothicae
504 1561 663 1674 linfguae
683 1563 729 1608 in
749 1560 1070 1628 oswerlffwor,
1102 1562 1318 1631 igenqua',
1352 1565 1394 1612 ὅ(
1411 1581 1695 1613 communem
1719 1566 1938 1628 originem
1964 1567 2010 1614 in
2040 1568 2285 1628 graecismo,

137 1628 217 1677 ubi
234 1640 271 1678 λέ
275 1655 361 1678 aaaaa
380 1629 498 1674 idem
519 1630 557 1674 ei
581 1661 594 1677 0

73 1693 322 1764 Aflinnith‚
355 1688 502 1751 ceffat,
537 1694 709 1742 recedit.
751 1696 854 1744 Una
873 1696 964 1743 haec
981 1695 1039 1743 est
1065 1714 1251 1756 vocum,
1287 1714 1391 1758 quas
1410 1699 1548 1745 Dom.
1569 1699 1645 1746 Er.
1672 1694 1894 1758 Sorbergii
1920 1697 2189 1761 perspicacia
2204 1698 2287 1747 Ul·

140 1760 481 1825 philarestituit
500 1762 544 1808 in
562 1776 680 1808 textu
700 1777 820 1809 antea
838 1780 926 1810 non
947 1761 1058 1810 leclo
1094 1767 1205 1813 Luc.
1226 1779 1272 1821 9,
1294 1779 1369 1827 39.
1398 1760 1482 1824 jah
1499 1760 1580 1827 stzi
1608 1759 1746 1812 ahma
1772 1760 1936 1812 nimith
1956 1767 2034 1814 ina
2063 1764 2286 1816 unhrains

125 1828 214 1896 jah
234 1831 374 1878 anaks
392 1825 580 1894 hropitlz
603 1825 693 1892 jah
714 1828 887 1894 talzjztlz
918 1835 994 1878 ina
1021 1829 1133 1879 mith
1162 1826 1327 1897 qhaton
1349 1826 1431 1893 jah
1449 1828 1656 1894 halifiu‘w
1682 1827 1890 1898 aflinnitlz
1920 1831 1975 1895 as
2000 1837 2162 1890 imma;
2195 1834 2224 1885 i.
2245 1852 2285 1884 e.

135 1911 181 1944 et
209 1909 307 1943 ecce
335 1892 515 1957 spiritus
535 1896 792 1943 immundus
818 1897 1047 1959 prehendit
1065 1915 1190 1954 eum,
1223 1899 1264 1945 ὅ(
1282 1896 1423 1944 statim
1443 1898 1598 1943 clamat
1615 1897 1658 1944 ὅτ
1684 1898 1838 1945 lacerat
1863 1914 1965 1945 eum
1993 1916 2096 1946 cum
2115 1897 2284 1961 spuma,

136 1962 182 2010 ἃ
200 1979 313 2024 aegre
331 1961 492 2008 recedit
512 1961 564 2008 ab
582 1962 677 2011 illo.
736 1964 869 2010 Radix
888 1965 1006 2010 vocis
1026 1964 1144 2010 haud
1168 1965 1301 2012 dubie
1325 1962 1385 2010 est
1405 1966 1561 2012 linnan
1575 2001 1586 2019 ,
1620 1963 1672 2010 de
1692 1981 1799 2024 qua,
1831 1981 1971 2024 quum
1990 1963 2137 2012 fileant
2157 1965 2286 2014 Glos-

136 2026 246 2076 saria
263 2026 404 2094 Jum‘i
420 2027 463 2075 &
491 2023 840 2086 Stiernhielmii,
872 2047 1011 2092 pauca
1036 2029 1248 2082 disseram,
1308 2030 1447 2090 Gothi
1476 2027 1683 2076 nostrates
1711 2030 1891 2076 eandem
1919 2030 2102 2091 habent,
2136 2032 2204 2087 ὅτ,
2237 2036 2286 2081 ni

136 2092 292 2153 fallor,
327 2094 548 2155 hodieque
567 2097 660 2141 ruri
680 2093 881 2145 servants
928 2099 1092 2143 Dicunt
1110 2100 1228 2144 enim
1251 2096 1465 2158 Uplandi,
1491 2109 1649 2162 regnet
1668 2097 1825 2150 linnar
1845 2096 1894 2146 h.
1913 2114 1936 2143 e
1970 2096 2097 2146 ceffat
2113 2098 2281 2161 pluvia.

135 2163 195 2209 Et
212 2162 403 2210 occurrit
424 2178 507 2208 vox
524 2162 672 2208 eadem
694 2164 739 2209 in
756 2163 841 2225 leg.
859 2163 985 2212 Gotl.
1019 2164 1201 2213 Dailur
1215 2162 1264 2228 s
1258 2164 1362 2212 kulu
1380 2163 1536 2210 tendas
1554 2167 1572 2211 i
1581 2161 1767 2226 fizmma
1793 2164 2041 2231 tridjungi,
2075 2167 2108 2215 i.
2130 2182 2165 2215 e.
2184 2166 2283 2215 lites

135 2230 185 2276 in
209 2228 366 2276 eodem
390 2228 614 2276 territorio
635 2226 841 2276 finientur
871 2247 919 2292 p.
944 2246 1040 2291 52„
1076 2231 1119 2278 <Sc
1137 2247 1267 2288 mox,
1300 2230 1462 2277 wardr
1479 2233 1529 2277 ai
1547 2229 1657 2277 thar
1674 2228 1815 2280 thaan
1835 2229 1954 2279 daila
1971 2233 2078 2280 lent.
2148 2234 2195 2279 Si
2214 2232 2280 2282 ibi

84 2328 89 2331 »
136 2295 189 2342 lis
209 2312 366 2343 eorum
390 2292 511 2340 finita
538 2312 628 2341 non
656 2292 806 2346 fuerit.
872 2298 1017 2358 Anglo
1037 2297 1226 2344 Saxones
1253 2298 1441 2345 alinnan
1463 2296 1504 2342 <Sc
1532 2296 1716 2345 blinnan
1736 2295 1853 2357 quafi
1879 2295 2083 2346 bilmnan
2103 2298 2278 2358 habent,

134 2362 384 2422 &utroque
401 2357 562 2424 cffzre
579 2360 837 2424 significant,
870 2361 1082 2412 btirznend
1097 2361 1277 2421 ceffans,
1308 2358 1514 2428 blinneffi
1542 2360 1726 2415 cessatio,
1755 2360 1836 2412 cfr.
1864 2362 2140 2417 Wachterus
2168 2368 2214 2412 in
2232 2382 2280 2417 v.

133 2429 264 2478 blind
277 2445 436 2486 οπως,
471 2445 604 2488 quam
626 2446 779 2476 vocem
800 2429 853 2477 ab
872 2430 951 2477 hac
970 2429 1114 2478 nostra
1135 2431 1314 2477 derivat.
1357 2431 1610 2477 Alemannis
1639 2429 1861 2489 bilmnan,
1892 2435 2105 2497 pitinnan
2124 2431 2278 2480 cessare

132 2497 299 2558 pariter
315 2503 449 2545 notat.
503 2494 691 2543 Isidorus
712 2514 802 2557 cap.
829 2514 866 2556 5,
891 2503 933 2546 6.
970 2497 1071 2546 endi
1087 2496 1202 2547 dlzuo
1222 2497 1440 2547 bilmmun
1459 2495 1568 2545 dhm·
1585 2496 1765 2565 blostar,
1783 2499 1812 2545 i.
1830 2515 1868 2546 e.
1888 2499 1931 2545 ἃ
1949 2515 2051 2547 tunc
2070 2498 2279 2548 cessarunt

133 2559 354 2610 sacrificia.
413 2562 535 2611 Kero
556 2564 599 2608 in
622 2563 772 2624 regula
792 2563 1009 2611 Benediffi
1030 2582 1126 2626 pag.
1150 2581 1227 2624 25.
1263 2565 1367 2613 edit.
1395 2563 1558 2613 Sclzilt.
1574 2561 1711 2628 stulu
1728 2565 1931 2630 pilium,
1965 2566 2091 2612 debet
2108 2564 2278 2615 ceffare.

135 2624 214 2675 cfr.
251 2627 436 2674 omnino
469 2626 759 2686 Palthenius,
794 2632 838 2676 in
863 2644 1016 2679 annot.
1050 2633 1100 2678 ad
1131 2631 1371 2680 Tac-anum
1405 2649 1453 2693 p.
1479 2645 1590 2693 343.
1626 2629 1871 2680 sehet-zius
1897 2632 1952 2678 ad
1973 2630 2089 2680 Otfr.
2126 2635 2179 2682 L.
2200 2635 2279 2684 IV.

136 2711 175 2743 c.
200 2702 278 2757 36.
298 2711 342 2741 v.
367 2702 411 2743 1.
447 2694 490 2741 ἃ
510 2695 763 2744 δεῆἱίιενω
782 2696 827 2742 in
842 2697 1060 2745 Gloss'ario
1079 2716 1174 2747 voc.
1195 2697 1404 2747 bilinnan.
1460 2698 1607 2744 Modo
1625 2698 1819 2745 laudatus
1842 2695 2109 2747 Palthenius
2127 2699 2280 2760 credit,

131 2760 339 2809 bilmnan
357 2759 441 2806 hoc
466 2761 658 2808 radicem
686 2761 912 2824 agnoscere
929 2765 1184 2811 Suethicum
1213 2764 1330 2818 bila,
1369 2765 1490 2822 quod
1516 2764 1600 2810 loci
1630 2779 1759 2824 atque
1787 2769 2002 2825 temporis
2035 2766 2278 2826 quamlibet

128 2826 499 2887 intercapedinem
519 2826 746 2888 fignificat,
781 2828 850 2876 sed
869 2833 1068 2879 emendat
1087 2829 1175 2893 ipse
1196 2828 1236 2876 se
1265 2827 1435 2891 postea,
1468 2830 1508 2876 ἃ
1539 2828 1652 2876 regie
1670 2831 1985 2889 animadvertit,
2007 2832 2052 2881 bi
2082 2836 2276 2894 particu-

126 2892 217 2943 lam
243 2893 348 2954 effe,
382 2893 520 2947 radici
544 2894 832 2958 praepofitam.
890 2898 1024 2962 Qod
1050 2898 1102 2946 ab
1132 2898 1219 2946 hoc
1250 2899 1399 2954 lenna,
1432 2897 1690 2944 Suethicum
1714 2897 2008 2964 vocabulum,
2049 2900 2198 3014 lindi}
2204 2900 2273 2946 vel
2337 2957 2341 2961 k

1202 2966 1259 3013 M
1276 2980 1322 3011 m
1361 2979 1386 3027 3
2107 2985 2153 3015 re
2201 2968 2269 3013 ius
