2473 3380
363 74 878 163 PRAEFATJONES
913 104 1289 161 sea-cmm!
1316 103 1694 160 wortmann
1721 104 2087 161 PRAEFIXAE.
2220 108 2279 179 ξι
2292 125 2315 162 ι

113 221 252 274 waila
269 221 411 292 wzssm
431 220 507 285 **)
525 217 604 283 iah
611 219 813 289 faginon
824 218 975 284 skuld
988 237 1098 271 was.
1118 222 1149 271 i.
1167 238 1207 271 e.
1228 220 1396 283 epulari
1415 221 1457 268 ἃ
1474 222 1662 284 gaudere
1679 220 1930 284 oportebat:
1964 220 2009 269 δι
2027 238 2068 270 c.
2092 225 2169 271 16.
2185 233 2225 267 v.
2248 223 2325 277 19:

107 295 247 341 waila
267 290 461 355 wifimds
479 285 832 356 dagaqhammeh
850 286 1099 338 bairhtaba
1121 289 1152 337 i.
1172 305 1205 335 e.
1227 287 1483 349 epulabatur
1502 289 1698 350 quotidie
1710 287 1957 355 splendide.
2008 284 2322 349 Compofitum

106 355 172 403 r‹3st
190 358 278 405 hoc
295 357 557 404 vocabulum
577 375 602 404 a
621 359 745 406 vaila
758 393 770 413 ‚
796 356 926 413 bene,
959 358 1078 403 Suet.
1099 356 1198 412 veel,
1228 354 1271 401 δι
1290 355 1428 417 visan,
1458 354 1554 412 esse.
1585 357 1741 405 Germ.
1764 351 1843 405 inf.
1861 351 2007 417 wqsen,
2023 367 2073 402 ut
2090 355 2198 401 adeo
2217 369 2321 415 pro·

108 426 208 485 prie
229 438 350 470 notet
367 425 469 473 bene
495 421 591 486 ff.
658 427 710 470 In
737 423 824 470 hoc
848 437 994 468 autem
1022 421 1285 468 vocabulum
1305 419 1681 483 Moesogothicum
1708 421 1788 473 ubi
1814 422 2018 483 primum
2040 420 2197 477 incidi,
2224 417 2323 470 suc,-

108 490 331 548 currebat,
367 507 437 537 me
459 490 578 552 apud
597 490 755 537 latinos
774 487 1034 554 scriptores,
1068 488 1110 535 ὅ(
1132 491 1175 533 in
1196 490 1354 550 primis
1383 498 1536 550 poetas
1565 490 1870 549 comicosque,
1899 489 2060 553 pulcre
2086 484 2188 548 ff,
2220 483 2323 535 hene

106 553 186 618 effi
205 558 251 602 in
271 553 392 603 sensu
411 555 668 605 comiffandi
696 556 814 602 haud
840 571 940 601 raro
967 552 1209 603 offendiffe.
1278 555 1473 603 Plautus
1504 557 1550 602 in
1578 555 1826 603 truculento
1848 556 1923 613 lv,
1955 567 2033 603 11.
2059 558 2141 601 26.
2196 549 2325 600 Idem

105 625 207 689 {stoc
229 623 411 685 (nempe
422 621 500 670 sex
516 625 683 685 argenti
700 622 862 681 minas)
883 620 1078 668 delatum
1088 616 1192 683 fiio.
1260 619 1338 670 De
1355 637 1402 670 eo
1416 638 1529 670 nunc
1544 622 1652 669 bene
1672 620 1822 669 sumus
1839 633 1919 670 tua
1940 624 2122 670 virtute.
2151 619 2182 670 i.
2201 633 2239 668 e.
2256 615 2323 663 lu·

107 689 303 736 culenter
322 691 538 747 vivimus,
571 688 742 736 strenue
759 687 1012 749 epulamur.
1083 688 1205 733 Idem
1228 687 1272 733 in
1294 690 1476 734 Mercat.
1496 691 1570 746 111,
1591 704 1634 751 3.
1654 703 1748 738 21..
1767 688 1892 755 Quin
1911 703 2019 755 ergo
2037 690 2168 743 imus,
2193 694 2325 750 atque

54 776 65 778 >
105 753 331 819 olgsc'mium
350 772 566 808 curamus
575 793 587 817 ,
616 756 769 819 pulcre
786 765 839 804 ut
863 753 1014 803 fimus.
1082 754 1270 816 Elegans
1298 756 1428 802 etiam
1457 752 1516 801 est
1537 755 1656 819 apud
1673 755 1927 806 Horatium
1952 755 2077 809 locus
2095 754 2184 803 Sat.
2200 752 2256 811 11,
2276 763 2325 800 2.

108 836 129 871 1
143 837 223 886 14.
242 820 330 886 seq.

513 918 533 929 -
663 915 701 930 ιγ
818 886 999 942 Videas
1031 897 1193 936 metato
1222 887 1272 936 in
1303 887 1449 954 agello

513 954 630 1006 Cum
659 969 820 1022 pecore
854 956 904 1006 <5
933 957 1091 1020 gnatis
1111 952 1290 1018 fortem
1324 951 1522 1003 mercede
1549 952 1765 1014 colonum,

510 1024 622 1075 Non
655 1037 759 1089 ego,
792 1034 1085 1077 narrantem,
1119 1033 1280 1071 temere
1311 1022 1383 1071 edi
1414 1022 1511 1070 luce
1537 1019 1739 1090 profesta

517 1089 781 1156 Quidquam
813 1100 992 1154 praeter
1023 1088 1123 1137 olus
1146 1086 1342 1153 fumqloe
1375 1103 1475 1138 cum
1501 1088 1616 1152 pede
1642 1103 1833 1155 pernae3

508 1158 578 1208 Ac
611 1151 724 1206 milti
757 1171 892 1221 quum
921 1157 1105 1222 longum
1131 1161 1227 1222 pqst
1263 1168 1435 1220 tempus
1470 1168 1653 1206 venerat
1687 1153 1855 1221 lufim,
1934 1206 1937 1209 Δ

508 1222 611 1274 Sive
644 1238 832 1289 operum
868 1239 1006 1272 vacuo
1034 1235 1205 1289 gratus
1239 1228 1423 1273 conviva
1452 1240 1543 1291 per
1576 1223 1767 1273 imbrem

512 1292 739 1345 Vicinus:
772 1289 880 1337 bene
915 1305 1026 1347 erat,
1061 1306 1148 1339 non
1175 1290 1372 1356 pg'scibus
1405 1291 1516 1342 urbe
1544 1294 1719 1357 petitis,

509 1358 603 1408 Sed
629 1357 758 1424 pullo
787 1367 921 1421 atque
955 1351 1111 1406 hado:
1240 1384 1266 1395 -
1399 1385 1420 1395 -
1569 1387 1587 1396 -
2304 1395 2309 1400 ..

104 1422 197 1472 Ubi
220 1420 296 1471 fibi
314 1422 492 1487 pullum
512 1440 642 1486 atque
664 1424 839 1470 haedum
861 1425 1066 1472 omnium
1088 1423 1219 1472 instar
1237 1425 1503 1473 lautitiarum
1526 1422 1675 1484 fuisse,
1706 1424 1921 1488 gloriatur
1931 1419 2140 1482 'colonus,
2158 1419 2327 1483 hasque

106 1491 239 1553 dapes
260 1507 351 1537 non
371 1491 587 1553 appofitas
608 1489 757 1548 fuiffe,
791 1488 867 1537 nifi
885 1507 989 1538 cum
1008 1492 1142 1539 vicini
1158 1492 1366 1540 adventus
1386 1491 1646 1554 fingularem
1671 1507 1932 1554 apparatum
1957 1489 2195 1552 requisivit.
2257 1490 2328 1535 De

106 1555 316 1604 industria
336 1558 465 1619 plura
483 1558 680 1622 exempla
698 1557 955 1617 accumulo,
986 1559 1030 1604 in
1049 1560 1208 1619 primis
1228 1576 1369 1620 quum
1399 1553 1601 1622 plurium
1629 1559 2042 1621 lexicographorum
2070 1552 2330 1604 industriam

103 1623 180 1669 hic
199 1624 358 1671 modus
377 1624 590 1685 loquendi
611 1625 884 1687 praeterierit.
951 1626 1187 1675 Coronidis
1208 1627 1309 1675 loco
1327 1642 1573 1690 apponam,
1606 1643 1697 1674 non
1715 1629 1864 1674 minus
1884 1624 2157 1674 luculentum
2170 1618 2330 1675 Ovidii

103 1688 257 1738 locum
275 1707 324 1739 ex
344 1690 462 1741 libro
480 1695 562 1741 lv.
585 1690 817 1739 Fastorum
836 1707 873 1737 v.
898 1705 1012 1754 395.

506 1759 660 1829 Meffis
692 1769 828 1808 erant
852 1762 1023 1818 primis
1056 1758 1229 1808 virides
1259 1760 1526 1810 mortalibus
1559 1755 1727 1819 herbae,

583 1827 718 1892 Quas
744 1824 878 1874 tellus
911 1825 1036 1874 nullo
1051 1824 1331 1890 fillicitante
1356 1824 1528 1876 dabat:

505 1892 583 1943 Et
613 1892 742 1942 modo
772 1892 1018 1958 carpebant
1052 1899 1203 1943 vivaci
1232 1893 1391 1961 cespite
1417 1910 1627 1961 gramen,

578 1961 718 2021 Nunc
750 1962 895 2025 epulae
928 1975 1081 2009 tenera
1103 1959 1278 2021 frende
1309 1975 1515 2008 cacumen
1556 1968 1718 2007 erant:
1862 1994 1872 1997 -

511 2025 745 2092 Ρρβιηοᾱι.
778 2026 918 2092 glans
951 2038 1061 2074 nata
1091 2029 1168 2089 ss:
1204 2026 1312 2072 bene
1345 2042 1436 2074 erat
1466 2027 1565 2088 jam
1593 2022 1765 2090 glande
1797 2033 1996 2091 reperta.

104 2091 227 2139 Hinc
243 2098 376 2152 poeta
392 2098 660 2150 Βιλκνήφοιγκς
682 2093 869 2141 maiores
892 2095 1077 2155 opipare
1094 2092 1173 2140 fibi
1192 2091 1305 2139 visos
1331 2091 1460 2139 fuiss'e
1479 2108 1685 2149 eoeneum,
1704 2093 1842 2150 canit,
1874 2091 1951 2138 ubi
1969 2091 2069 2140 loco
2088 2086 2328 2140 herbarum

105 2157 282 2220 glandes
301 2157 427 2204 edere
448 2155 702 2209 didicerant.
773 2164 884 2207 Non
902 2160 1060 2222 procul
1080 2160 1184 2206 hinc
1207 2159 1300 2207 abit
1328 2161 1605 2221 graecismus,
1641 2161 1686 2204 in
1711 2176 1802 2218 quo
1833 2172 1972 2219 ivaxei'»
2002 2173 2125 2206 notat
2141 2158 2330 2220 epulari,

106 2228 269 2285 vag-*so
296 2225 333 2271 ἓν
346 2228 442 2282 ’ἔχων
462 2222 506 2269 id
526 2222 607 2281 est,
638 2225 745 2274 bene
763 2226 948 2284 habere,
981 2244 1073 2288 quo
1093 2226 1266 2274 dicendi
1287 2243 1442 2288 genere
1463 2228 1601 2274 utitur
1627 2242 1805 2287 quoque
1827 2226 2005 2274 Plautus
2029 2227 2075 2273 in
2094 2226 2245 2274 Aulul.
2265 2226 2328 2275 ΙΙ.

107 2296 152 2345 8.
173 2302 218 2339 2.
252 2285 377 2337 conf.
396 2287 537 2353 Jum'z'
558 2293 758 2356 Etymol.
779 2294 902 2356 Angl,
928 2295 973 2340 in
1000 2312 1039 2342 v.
1061 2292 1216 2343 Novel.

242 2353 564 2403 constitueram
585 2360 790 2419 equidem
812 2361 909 2408 heic
930 2362 973 2407 in
993 2359 1216 2423 praesentia
1238 2358 1481 2418 subsistere,
1508 2375 1662 2407 verum
1691 2375 1831 2420 quum
1858 2359 2000 2407 adhuc
2027 2355 2238 2406 nonnulla
2258 2372 2326 2404 ca-

105 2437 211 2484 pere
228 2422 428 2469 videatur
447 2423 604 2471 chartae
629 2427 819 2488 modus3
853 2429 1003 2489 paucis
1024 2430 1245 2489 inquirere
1267 2428 1385 2475 lubet
1405 2430 1448 2474 in
1470 2429 1687 2489 originem
1708 2443 1951 2487 verumque
1965 2424 2252 2487 significatum
2270 2423 2327 2470 la-

105 2490 207 2535 tinae
225 2490 344 2535 vocis
360 2492 510 2546 miles,
542 2508 676 2551 quam
695 2496 990 2542 communiter
1010 2512 1034 2541 a
1055 2500 1177 2544 mille
1197 2495 1391 2541 derivant
1408 2495 1655 2559 etymologi
1674 2525 1683 2545 s
1714 2508 1923 2554 tanquam
1950 2494 2029 2554 qui
2056 2509 2107 2540 ex
2134 2489 2326 2537 millenis

105 2571 221 2601 unus
239 2553 303 2603 fit.
373 2558 592 2619 Ulpianus
613 2559 695 2606 hac
723 2578 808 2608 una
840 2559 1089 2609 coniefflura
1109 2579 1197 2608 non
1217 2577 1462 2617 contentus,
1491 2561 1559 2607 vel
1587 2578 1611 2607 a
1637 2561 1925 2609 multirudme
1951 2560 2018 2606 vel
2041 2560 2172 2605 etiam
2193 2557 2327 2615 malo,

106 2620 225 2681 quod
247 2638 271 2667 a
293 2623 462 2670 civitate
483 2627 635 2672 avertit
654 2627 802 2686 miles,
836 2646 988 2676 vocem
1011 2629 1168 2675 deduci
1194 2628 1313 2690 posse
1341 2626 1505 2686 censet,
1538 2643 1587 2675 ut
1610 2627 1738 2689 plura
1771 2629 1864 2674 eius
1892 2627 2174 2686 aliorumque
2201 2639 2328 2684 aeque

102 2684 265 2748 frigida
283 2686 451 2735 filentio
476 2691 714 2748 involvam.
784 2698 880 2757 Ego
899 2713 947 2747 ut
967 2696 1162 2742 dicendis
1179 2697 1293 2741 viam
1314 2694 1461 2742 sensim
1490 2696 1687 2742 muniam
1702 2732 1713 2749 2
1747 2695 1793 2740 in
1826 2690 2085 2740 antecessum
2104 2688 2326 2738 observari

24 2820 27 2822 q
103 2754 261 2809 Velim,
297 2771 387 2801 non
410 2757 536 2803 Latio
556 2761 727 2819 privam
747 2760 857 2809 hanc
877 2779 1028 2810 vocem
1050 2761 1145 2821 effe,
1171 2760 1242 2808 sed
1260 2764 1306 2808 in
1328 2763 1518 2823 antiquis
1535 2762 1632 2808 aliis
1656 2761 1815 2822 linguis
1834 2756 2104 2822 superstitem
2123 2758 2327 2809 inveniri.

343 2861 345 2863 .
521 2830 528 2832 *
2223 2823 2323 2869 cel-

154 2913 222 3007 *ἲ
251 2914 347 3020 fjg'ti
364 2917 517 2971 i-wgunt
536 2929 631 2958 voces
639 2933 654 2969 3
677 2919 813 2973 divg‘fi’m
836 2936 919 2964 vero
937 2921 1063 2977 legitur
1072 2922 1197 2976 paullo
1225 2935 1306 2964 ante
1322 2938 1361 2968 v.
1380 2924 1428 2966 B.
1448 2923 1671 2978 matjandans
1692 2921 1812 2976 wffizm
1829 2921 1950 2968 waila.
1972 2923 1998 2965 i.
2017 2934 2050 2968 e.
2078 2919 2227 2962 Edemes
2237 2916 2323 2973 pul-

222 2981 261 3008 re
294 2982 398 3014 maus.
