2473 3380
729 147 1657 209 ΑΝΝοΤΑΤιοΝΕε.
2200 180 2292 232 ης

88 264 232 327 digito
257 258 368 324 quasi
390 258 627 308 monstrare
646 260 706 318 id,
734 261 855 320 quod
880 263 1028 308 omnia
1048 260 1269 313 monstrat.
1339 264 1410 313 Sic
1432 283 1658 328 nunquam
1669 262 1733 330 stt
1755 266 1894 326 Goth,
1916 271 2048 329 Deus,
2060 271 2124 336 stt
2135 273 2228 339 fan
2248 279 2292 340 ⁸)

92 332 318 382 dominus,
354 329 594 389 reperitur,
629 327 792 374 etiamst
820 329 963 375 Graeci
995 346 1072 393 nec
1105 331 1149 375 in
1178 330 1246 376 his
1273 333 1508 381 articulum
1535 336 1753 383 omittant,
1843 337 2012 385 Deinde
2041 357 2178 400 quum
2193 344 2289 408 fita

89 400 229 444 rarius
248 409 462 451 occurrat,
491 393 556 450 &,
593 410 806 455 quantum
827 395 1043 442 memoria
1066 393 1280 457 suggerit,
1315 416 1404 446 non
1425 399 1500 447 nifi
1519 399 1695 448 duobus
1713 400 1782 447 his
1800 401 1929 459 lociS,
1966 406 2131 453 mirum
2150 411 2289 458 videri

87 465 273 524 poterit,
305 476 385 507 cur
412 475 509 506 ante
543 461 581 508 it
604 462 809 507 continue
839 462 1159 523 reperiundum
1189 461 1249 509 sit.
1348 467 1538 514 Modum
1566 468 1634 514 his
1662 484 1851 528 ponam,
1886 467 2148 532 postquam,
2184 477 2291 536 quid

87 529 262 575 ulterius
281 528 394 573 circa
412 526 647 573 articulum
651 524 745 590 filu
777 528 888 574 mihi
909 530 953 573 in
974 542 1167 573 mentem
1195 531 1379 585 venerit,
1416 533 1614 580 ulteriori
1634 534 1976 597 philologorum
2003 538 2169 587 iudicio
2193 541 2288 591 sub-

86 595 248 640 ieceross
306 593 562 656 Utrobique
586 593 705 654 apud
731 591 984 660 Jolmmzem
1010 591 1096 654 lau
1126 596 1422 656 interrogandi
1451 601 1542 645 vim
1571 600 1726 659 habet,
1757 601 2018 664 denotatque
2040 609 2163 656 isne,-
2196 612 2289 658 isne

72 661 205 728 filius
224 661 358 726 vester
376 662 434 727 est
446 696 457 716 ‚
493 659 624 708 illene
648 673 730 708 aut
740 673 878 725 pater
895 661 1006 722 ejus.
1075 663 1175 722 Jam
1196 676 1298 707 vero
1317 663 1719 722 animadvertimuS,
1738 684 1767 716 u
1786 668 1887 715 alias
1910 686 2000 715 non
2019 689 2119 721 raro
2136 675 2289 724 eadem

81 727 383 787 interrogandi
403 724 611 788 potestate
631 726 820 787 pollere:
854 743 893 776 e.
912 743 942 787 g
978 729 1083 774 Luc.
1106 733 1159 783 8,
1202 740 1274 774 12.
1316 728 1517 779 Wtadu
1544 730 1633 796 qha
1647 736 1882 798 gatawida
1900 739 2053 796 izwis,
2087 739 2288 801 nostisne,

81 793 188 852 quid
219 794 344 840 vobis
371 790 586 844 fecerim?
620 792 674 840 ib.
695 807 748 850 9,
788 807 865 853 54.
904 794 1108 844 Wleizu
1127 797 1168 840 ei
1184 796 1470 858 qwimaima,
1506 799 1625 844 visne
1655 801 1912 852 veniamus?
1958 806 2020 850 Ita
2038 809 2086 853 ni
2107 806 2165 853 est
2182 826 2271 856 non

79 857 149 906 sed
170 863 263 916 niu,
285 877 457 914 nonne,
492 857 567 923 af,
608 877 646 917 a,
678 858 768 908 abu
787 876 894 905 num
919 878 966 915 a,
1002 856 1070 917 ik,
1104 875 1211 920 ego,
1246 858 1348 917 iku,
1384 878 1533 923 egone.
1569 881 1611 912 v.
1636 864 1784 928 Ulph.
1813 867 1975 930 illustr.
1995 886 2039 930 p.
2064 880 2142 926 86,
2162 847 2288 937 swa:

73 926 153 980 ita,
175 924 334 993 swan,
369 928 495 975 itane.
530 926 634 988 Joh.
669 934 750 982 18,
787 936 864 973 22.
912 929 1017 977 Luc.
1052 939 1136 985 14,
1173 940 1252 987 31.
1310 927 1412 976 Niu
1439 928 1901 995 gasitands-faurthis
1928 931 2163 987 thankeitlz
2176 942 2285 1006 stau

74 991 318 1059 mahteigs,
351 1009 497 1038 nonne
519 989 668 1037 sedens
685 994 810 1050 prius
830 993 1011 1053 cogitat,
1048 1008 1262 1053 potensne
1280 991 1344 1045 sit.
1377 993 1522 1043 Marc.
1548 1009 1629 1053 10,
1661 1013 1707 1045 2.
1726 994 1903 1061 skuldu
1906 1001 1999 1065 stat*
2019 1018 2155 1053 mann
2175 1024 2285 1071 quen

79 1071 108 1102 a
129 1055 309 1121 fiztjan,
344 1055 465 1104 fasne
493 1056 593 1103 esset
621 1058 805 1115 marito,
839 1074 1020 1104 uxorem
1048 1059 1283 1109 dimittere.
1351 1060 1533 1108 Addam
1555 1065 1738 1111 unicum
1767 1065 1938 1124 locum,
1974 1085 2075 1116 nam
2094 1072 2138 1118 in
2156 1090 2202 1120 re
2223 1075 2284 1120 in-

76 1125 210 1172 dubia
232 1123 437 1186 pluribus
458 1141 571 1185 opus
590 1139 678 1169 non
698 1121 803 1176 esse,
835 1123 1002 1173 censeo.
1037 1126 1202 1185 Matth.
1224 1140 1311 1189 27,
1347 1141 1428 1189 49.
1461 1130 1589 1179 Letei
1605 1128 1815 1195 fiziqham
1862 1134 2286 1195 uin1aiuhelia‚fine

73 1192 321 1246 Videamus,
354 1191 548 1237 veniatsse
571 1189 707 1247 Elias,
744 1191 823 1238 ubi
843 1189 1217 1238 reverendiffimus
1237 1194 1471 1244 Benzelius
1491 1195 1724 1256 legendum
1748 1149 1909 1256 cenlzt,
1942 1201 2007 1248 let
2023 1201 2285 1272 eisaiqlzam

74 1261 276 1324 qm'maiu
308 1255 450 1312 helea,
485 1255 734 1316 iustumque
764 1257 1001 1303 verborum
1029 1257 1232 1304 ordinem
1265 1259 1372 1319 esse,
1402 1262 1464 1309 let
1475 1257 1695 1326 stziqlzam
1723 1267 1766 1311 ei
1796 1269 1998 1329 quimaiu
2025 1272 2165 1331 aelia,
2196 1271 2284 1320 fine

75 1327 324 1379 videamus,
353 1340 406 1370 an
433 1324 576 1369 veniat
601 1323 734 1370 Elias.
805 1321 1088 1369 Dofi‘ciffimus
1110 1325 1206 1386 Lye
1221 1325 1319 1372 heic
1348 1344 1452 1374 vero
1481 1329 1645 1375 recedit
1675 1347 1699 1376 a
1730 1331 1960 1391 Benzelio,
1996 1335 2128 1396 idque
2157 1356 2208 1385 ex
2233 1357 2284 1387 en

74 1395 266 1446 ratione,
303 1389 425 1450 quod
450 1391 735 1449 interrogatio
764 1390 890 1435 lateat
915 1391 960 1434 in
992 1387 1147 1436 suffixo
1176 1407 1221 1440 u.
1242 1391 1319 1453 **)
1388 1396 1484 1453 Ego
1514 1411 1619 1440 vero
1649 1396 1943 1445 nihilominus
1968 1403 2068 1449 latei
2096 1407 2282 1453 omnino

69 1458 183 1505 duas
203 1473 329 1504 voces
348 1453 453 1512 esse,
485 1454 700 1510 arbitror,
736 1456 867 1515 idque
887 1472 936 1501 ex
953 1471 1001 1501 ea
1020 1457 1214 1517 ratione,
1239 1459 1363 1519 quod
1390 1462 1510 1507 letan
1539 1461 1675 1507 tertiae
1703 1459 2027 1526 coniugationis
2048 1466 2122 1527 fit,
2157 1473 2282 1518 cuius

71 1523 205 1571 verba
233 1525 280 1569 in
310 1522 573 1583 imperativo
600 1523 640 1569 ei
669 1522 901 1579 omittunt,
932 1536 981 1568 ut
1010 1518 1124 1569 infra
1153 1524 1198 1569 in
1217 1525 1513 1587 paradigmate
1530 1526 1576 1573 δε
1594 1526 1648 1573 ad
1672 1545 1715 1577 v.
1731 1542 1939 1596 gatraua
1965 1533 2170 1595 pluribus
2186 1554 2282 1585 mo-

72 1590 268 1638 nebitur:
304 1585 419 1636 conf.
451 1590 634 1649 Luc.4‚
674 1602 752 1651 34.
779 1588 822 1635 &
845 1591 986 1637 Marc.
1013 1604 1063 1648 1,
1101 1603 1180 1650 24.
1219 1606 1271 1654 3,
1304 1606 1349 1654 4.
1389 1598 1445 1649 6,
1481 1604 1559 1654 24.
1628 1596 1759 1642 Verre
1788 1598 1958 1658 itaque:
1976 1600 2098 1666 stne,
2133 1615 2184 1651 ut
2211 1607 2283 1654 vt·-

73 1659 280 1719 deamus,
309 1658 513 1704 veniame
530 1654 685 1703 Elias.
755 1657 805 1700 ln
824 1653 1072 1702 transcursu
1090 1657 1303 1705 notabunt
1331 1660 1485 1706 veteris
1514 1659 1762 1708 litteratura:
1781 1663 1963 1723 curiofi,
1998 1668 2283 1729 imperativus

75 1723 297 1777 incodice
325 1736 528 1783 ergenteo
559 1720 657 1767 loco
685 1721 996 1769 adverbiorum
1025 1739 1345 1785 nonnunquam
1370 1722 1586 1786 usurpari.
1620 1743 1658 1776 e.
1679 1744 1720 1789 g.
1736 1727 1833 1791 sai,
1868 1747 1987 1789 ecce,
2021 1750 2107 1795 pro
2122 1734 2281 1802 siu‘qb⁸

69 1794 234 1846 «vaitei,
266 1786 434 1837 scilicet.
466 1788 569 1850 Joh.
597 1795 668 1843 18,
709 1803 784 1848 35.
817 1805 842 1835 a
861 1791 1028 1847 witam,
1059 1786 1180 1849 scire,
1209 1793 1276 1838 uti
1304 1792 1425 1854 apud
1452 1792 1609 1840 latinos
1627 1810 1732 1861 age,
1767 1812 1916 1864 apage
1937 1798 2020 1848 ἃς.
2054 1801 2280 1852 adverbio.

72 1872 175 1905 rum
203 1871 403 1902 naturam
430 1856 559 1900 etiam
596 1854 799 1902 induunt.

282 1919 433 1971 Thena
449 1917 607 1982 firmo,
643 1921 780 1972 idem.
850 1920 960 1971 Nos
990 1924 1113 1970 Sveci
1142 1922 1301 1971 eodem
1323 1924 1541 1987 loquendi
1568 1926 1708 1975 modo
1735 1927 1961 1992 hodieque
1986 1929 2082 1984 thet
2101 1928 2281 2000 lamma

73 1988 287 2046 dicimus,
320 1988 392 2037 Al.
413 1983 626 2052 sostzma.

893 2081 897 2084 ·
1089 2072 1133 2105 v.
1238 2090 1251 2106 .

275 2117 485 2176 ΑηεΙιαν,
517 2119 640 2169 alter.
710 2117 836 2170 Cum
870 2119 1102 2185 dispendio
1138 2120 1282 2170 sensus
1311 2121 1508 2186 sequitur
1540 2126 1638 2176 heic
1669 2129 1882 2192 interpres
1909 2131 2089 2180 Gothus
2126 2134 2279 2185 verfio·

76 2203 178 2234 nem
199 2203 221 2232 e
241 2189 420 2247 regione
445 2185 629 2246 positam
642 2223 654 2244 ‚
686 2202 785 2248 quae
811 2189 945 2234 etiam
970 2187 1288 2255 habetstnguli
1303 2201 1454 2240 autem
1474 2194 1621 2254 alter,
1652 2212 1738 2257 pro
1758 2212 1811 2244 eo
1830 2197 1952 2256 quod
1973 2200 2020 2244 in
2039 2201 2195 2249 Graeco
2220 2202 2281 2251 est

76 2253 95 2290 ὅ
112 2249 148 2292 R
172 2250 262 2292 καθ’
284 2250 328 2293 εἷς
355 2246 525 2292 α’λλῆλω
552 2251 655 2300 μέλη.

1024 2364 1028 2365 ⁷
1081 2322 1123 2354 V.
1192 2321 1268 2369 17.

269 2375 337 2441 p)
371 2368 687 2427 Andwairthi‚
721 2366 875 2430 facies,
908 2369 1027 2419 unde
1058 2373 1108 2422 in
1147 2371 1475 2439 andwairchjcz,
1509 2376 1633 2438 quod
1671 2374 1903 2441 respondet
1939 2396 2080 2444 graeco
2131 2388 2280 2446 aaran,

76 2454 248 2488 coram:
280 2440 569 2489 Alemannice
594 2438 853 2488 antuuerdi.
895 2455 934 2485 v.
958 2439 1151 2506 Fragm.
1183 2441 1370 2506 (lidori,
1401 2459 1447 2504 p.
1477 2451 1592 2505 265.
1663 2447 1771 2493 Orta
1800 2464 1904 2494 vero
1935 2465 2019 2495 vox
2046 2447 2126 2507 est,
2160 2451 2229 2497 vel
2254 2469 2280 2501 a

75 2505 324 2560 wairtltan,
360 2522 571 2566 quatenus
599 2503 679 2552 esse
708 2519 853 2564 notat3
886 2508 1271 2566 quemadmodum
1301 2506 1430 2556 fimili
1463 2509 1795 2572 compositionis
1822 2515 1988 2560 ratione
2011 2515 2133 2562 latini
2151 2532 2280 2581 prae·

65 2571 170 2635 [bns
195 2573 367 2628 dicunt,
400 2573 596 2633 germani
610 2574 943 2639 gegenwa‘rtig‚
977 2571 1114 2636 belgae
1132 2578 1463 2642 tegenwordig,
1494 2594 1587 2637 quo
1606 2579 1738 2625 etiam
1759 2582 1947 2642 pertinet
1967 2580 2278 2645 Ulphilanum,

925 2694 931 2696 b
1179 2644 1212 2688 P
1248 2653 1278 2690 2
2233 2650 2279 2697 ὅ(

83 2711 2273 2744 Μ

125 2766 167 2818 *)
193 2766 343 2806 Scilicet
367 2763 436 2803 ubi
461 2776 530 2816 pro
547 2764 721 2803 Domino
737 2765 823 2804 Deo
846 2765 1015 2817 ponitur.
1070 2766 1175 2807 Alias
1198 2779 1326 2819 quum
1353 2766 1401 2808 de
1426 2767 1587 2808 domino
1606 2778 1672 2808 aut
1686 2766 1882 2820 possessore
1901 2770 1955 2809 rei
1972 2769 2131 2810 alicuius
2154 2769 2276 2814 sermo

181 2818 256 2865 est,
280 2818 459 2858 articulus
476 2817 608 2855 locum
625 2817 785 2859 invenit.
811 2830 847 2856 v.
864 2819 956 2857 Luc.
982 2830 1048 2867 14,
1075 2831 1136 2866 23.
1171 2822 1238 2868 16,
1268 2829 1304 2864 8.
1333 2834 1405 2869 20,
1437 2833 1493 2869 ¹3.
1547 2822 1769 2862 Invenimus
1787 2831 1929 2871 tamen,
1954 2822 2168 2865 imitatione
2178 2826 2276 2866 Grae·

182 2871 309 2920 cismi,
335 2867 652 2921 thammaJaifita‚
679 2871 774 2909 Luc⁴
794 2869 840 2917 6,
866 2882 924 2911 ιι.
950 2870 1257 2912 thanaAhraham
1289 2886 1371 2927 cap.
1399 2874 1464 2922 16,
1488 2885 1549 2921 23.

129 2942 198 2994 **)
225 2941 426 2982 Interdum
444 2941 560 2979 etiam
579 2953 602 2977 u
620 2937 784 2978 affixum
810 2938 1064 2979 conditionale
1088 2940 1141 2981 est
1158 2942 1192 2981 ἆ
1212 2942 1480 2983 dubitativum.
1506 2956 1539 2982 e.
1561 2956 1602 2995 g.
1621 2942 1711 2996 Joh.
1734 2953 1801 2992 ις,
1831 2956 1892 2984 22,
1924 2942 2003 2984 Nih
2029 2944 2191 2998 quaemjau
2204 2945 2276 2998 jah

182 2993 407 3047 rodidedjau,
433 2992 502 3033 nisi
530 2991 712 3033 venissem
731 2993 766 3031 ὃ(
784 2993 935 3032 loeutus
958 2992 1129 3034 fuissem:
1154 2996 1190 3034 ὅ(
1211 2993 1259 3036 fic
1275 2996 1363 3037 alias
1384 2995 1591 3048 iaepissime.
