2473 3380
280 119 386 174 DE
421 93 684 173 comer:
717 114 1029 173 ARGENT.
1066 117 1181 174 ‘ET
1214 118 1578 175 LITTERAT.
1614 119 2075 182 ΜοΕςοᾶοΤΗ.
2197 140 2299 197 217

73 231 186 285 buit.
250 235 403 281 'Immo
423 248 526 278 vero
546 229 576 277 fi
593 230 702 278 adeo
729 236 888 291 οἴωμαι-οι
918 232 1113 280 Thraces
1133 230 1328 293 fuissent,
1362 234 1586 283 musarum
1614 233 1730 281 sedes
1758 237 1803 281 in
1830 253 1986 284 eorum
2008 241 2185 302 regione
2207 261 2298 292 non

75 298 368 358 collocaffent‚
404 315 510 359 quas
531 312 675 345 tam-en
697 297 970 345 Libethrides
992 301 1340 362 appellaverunt,
1375 321 1399 350 a
1419 302 1661 362 Libethris,
1695 303 1898 349 Thraciae
1922 304 2045 353 urbe·

1025 412 1064 469 §0
1133 414 1345 464 XXXVII.

204 495 315 543 Fide
340 495 582 544 latinorum
612 492 844 542 auEtorum
874 512 1015 557 nuper
1042 497 1223 554 tradidi,
1259 500 1421 547 litteras
1449 499 1543 548 suas
1564 503 1788 549 Romanos
1815 518 1838 548 a
1860 502 2048 566 Pelasgis
2076 508 2293 570 accepiss'e,

68 563 202 623 inque
232 563 580 610 antecedentibus
610 562 849 624 probatum
879 562 1000 617 dedi,
1035 561 1280 610 litterarum
1310 567 1517 613 elementa
1538 569 1708 625 Graeca,
1744 585 1841 627 quae
1868 575 2054 633 antiqua
2082 575 2291 623 vocaban-

65 644 161 687 tur,
195 630 413 690 Pelasgica
432 627 574 677 fuisse.
646 628 895 674 Secundum
926 626 1116 673 nostram
1145 633 1477 688 argumentandi
1505 631 1659 679 seriem
1688 631 1840 694 sponte
1868 633 1940 682 sua
1968 640 2153 698 quisque
2179 642 2289 690 adeo

67 694 209 752 videt,
245 695 361 741 unde
384 711 532 742 ortum
556 695 681 740 ducat
700 694 771 740 illa
802 690 1010 750 affinitas,
1045 711 1144 753 quae
1165 694 1415 743 observatur
1442 700 1488 743 in
1513 696 1725 759 scriptura
1748 702 1883 748 trium
1909 703 2018 750 adeo
2049 705 2290 757 diffitarum

3 776 9 780 ‘
67 763 287 822 gentium,
322 762 549 818 Gothicae,
580 762 746 807 Graecae
775 758 817 805 ἃ
836 761 1065 817 Romanae,
1110 761 1209 806 inde
1236 780 1420 824 nempe,
1457 764 1579 823 quod
1599 765 1768 828 Scythae
1794 764 1978 814 fuerunt
2001 784 2090 816 tam
2113 773 2287 821 Graeco-

66 843 168 876 rum
197 845 331 888 quam
367 830 672 874 Romanorum
701 823 1003 886 ludimagistri.
1072 825 1252 875 Addam
1283 846 1398 875 nunc
1429 831 1633 888 unicum,
1668 831 1791 890 quod
1819 831 2019 893 singulari
2049 841 2286 889 attentione

64 909 148 954 ego
169 894 356 955 dignum
378 891 542 941 censeo.
613 890 1178 952 Alphabetumfiothicum
1199 892 1229 939 fi
1249 896 1581 952 exanimaveris,
1622 898 1837 954 invenies,
1870 899 2062 958 plurima
2091 905 2182 950 eius
2202 907 2283 953 ele-

4 966 7 968 ’
63 975 210 1006 menta
230 977 330 1007 cum
350 960 512 1006 Graecis
536 960 782 1012 concinere,
818 957 1028 1003 nonnulla
1050 958 1217 1006 Gothis
1246 963 1430 1021 propria
1463 959 1567 1018 effe,
1598 961 1641 1008 δε
1673 964 1865 1023 propriae
1892 969 2283 1032 pronuntiationis,

61 1025 212 1085 aliqua
232 1042 335 1072 vero
356 1042 455 1072 cum
483 1025 624 1070 latinis
654 1024 928 1080 communia,
963 1039 1011 1070 ut
1037 1022 1197 1088 suntf,
1234 1042 1284 1082 r,
1316 1044 1360 1084 s,
1394 1028 1477 1076 ἃς.
1546 1029 1676 1074 Unde
1698 1045 1801 1075 vero
1822 1027 1963 1076 censes
1989 1031 2101 1079 hanc
2128 1037 2288 1085 mixtu-

62 1107 159 1138 ram
179 1090 388 1141 eveniffe?
423 1091 464 1138 ὃ(
490 1091 600 1136 >num
629 1091 672 1134 in
695 1090 893 1135 animum
923 1090 1126 1137 inducere
1148 1094 1335 1152 poteris,
1371 1091 1678 1154 Moesogothos
1707 1111 1759 1139 ex
1789 1109 1878 1140 tam
1897 1097 2165 1147 diversarum
2184 1119 2283 1165 gen-

62 1159 176 1204 tium
205 1155 422 1219 scriptura
451 1171 678 1204 centonem
710 1153 920 1201 conficere
946 1156 1153 1214 voluiss'e,
1196 1173 1293 1215 aut,
1334 1160 1573 1219 repudiatis
1592 1161 1852 1206 Graecorum
1872 1178 1924 1219 φ,
1947 1180 1971 1211 1’
1991 1164 2033 1211 ὅ(
2055 1183 2105 1225 Σ,
2138 1168 2283 1217 Italica

61 1223 349 1285 praeoptaffe?
383 1224 461 1270 Illa
482 1240 584 1269 vero
613 1224 677 1268 uti
705 1219 887 1269 absurde
908 1222 1135 1279 dicuntur,
1168 1225 1228 1269 ita
1255 1222 1491 1271 secundum
1520 1225 1586 1281 id,
1618 1226 1740 1285 quod
1769 1243 1851 1287 ego
1871 1228 2050 1288 tradidi,
2082 1234 2148 1278 rei
2164 1237 2280 1283 ratio

62 1286 192 1336 facile
218 1291 454 1339 invenitur.
523 1294 740 1349 Accepere
766 1305 787 1333 a
816 1289 988 1350 Scythis
1018 1289 1085 1334 vel
1110 1289 1297 1350 Pelasgis
1325 1288 1447 1337 suam
1475 1289 1689 1339 scribendi
1716 1294 1931 1339 rationem
1957 1309 2044 1342 tam
2073 1299 2278 1348 Hellenes

65 1358 200 1414 quam
220 1356 352 1403 latini.
408 1359 459 1401 In
487 1371 719 1413 utramque
746 1370 923 1413 ‚tempus
951 1357 1242 1401 mutationem
1270 1356 1459 1403 induxit:
1495 1358 1875 1417 quemadmodum
1897 1376 2001 1407 vero
2018 1363 2209 1411 duarum
2229 1365 2277 1414 fi-

59 1420 220 1467 liarum
239 1437 420 1482 utraque
443 1437 628 1467 matrem
647 1420 816 1479 aliquot
842 1421 1112 1466 lineamentis
1131 1418 1293 1472 referre
1313 1421 1476 1483 potest,
1511 1424 1619 1470 dum
1639 1440 1782 1470 tamen
1805 1426 1915 1470 inter
1941 1424 1980 1472 se
2001 1429 2046 1473 in
2066 1430 2276 1491 plurimis

59 1486 279 1534 diffimiles
300 1485 417 1546 sunt3
449 1489 511 1533 -ita
533 1504 581 1535 ex
599 1487 776 1545 antiqua
796 1482 940 1532 forma
961 1485 1186 1545 probabile
1211 1486 1291 1545 est,
1327 1489 1503 1536 Graecos
1524 1490 1663 1538 multa
1683 1489 1901 1536 retinuisse
1921 1509 2009 1539 non
2029 1497 2178 1555 modo,
2204 1497 2276 1548 sed

60 1553 105 1605 ἃ
134 1555 252 1600 varia
277 1553 543 1609 immutasse,
578 1569 674 1612 quae
694 1553 884 1597 Romani
912 1550 1067 1601 intasta
1094 1554 1137 1599 &
1162 1555 1371 1601 invariata
1397 1552 1679 1612 servaverint,
1714 1556 1756 1603 ἃ
1779 1573 1876 1615 quae
1896 1559 2083 1619 proinde
2112 1565 2277 1612 utrobi-

58 1631 146 1680 que
166 1619 318 1667 eadem
332 1619 428 1668 finer.
499 1619 674 1667 Verbot
707 1615 879 1664 facilius
899 1616 958 1663 est
983 1618 1249 1677 existimatu,
1282 1638 1306 1667 a
1326 1622 1527 1684 Scythica
1549 1620 1759 1684 scriptura
1782 1623 1951 1683 aliquid
1977 1628 2199 1676 retinuiffe
2219 1631 2274 1679 la-

58 1686 200 1742 titios,
235 1686 399 1745 aliquid
420 1687 619 1742 Graecos,
653 1701 786 1744 quam
808 1685 852 1728 in
871 1685 1070 1730 animum
1095 1686 1319 1743 inducere,
1354 1687 1552 1745 Gothos,
1584 1689 1694 1736 dum
1720 1689 1880 1736 litteras
1902 1695 2122 1752 accepturi
2141 1711 2275 1755 erant,

58 1755 98 1798 A
118 1751 238 1797 verbi
256 1753 392 1812 gratia
411 1769 459 1797 ex
478 1751 644 1797 Graecia
658 1785 670 1808 ,
705 1754 736 1797 B
759 1766 861 1801 vero
881 1767 934 1801 ex
953 1751 1074 1803 Italia
1100 1754 1295 1803 mutuari
1321 1753 1526 1814 voluiffe,
1557 1753 1588 1805 fi
1607 1754 1842 1820 utrobique
1853 1756 2011 1806 eadem
2030 1758 2188 1809 harum
2210 1763 2276 1812 lit.

34 1831 247 1868 vserarum
265 1817 453 1882 potestas
479 1815 593 1871 esset,

975 1932 1018 1995 ς.
1088 1934 1324 1984 xxxvnr

135 2022 137 2024 ’
187 2020 300 2066 Non
313 2016 410 2064 leve
427 2018 602 2079 pondus
624 2035 648 2064 a
668 2034 738 2065 me
766 2017 864 2065 heic
892 2017 1019 2067 diffis
1048 2020 1148 2066 inde
1177 2020 1376 2080 additur,
1414 2019 1538 2080 quod
1566 2020 1815 2078 videamus,
1851 2019 2041 2084 episema
2067 2024 2180 2083 haec,
2217 2028 2270 2076 de

52 2082 225 2145 quibus
254 2082 396 2130 sermo
423 2081 532 2141 fuit,
577 2099 746 2146 partem
774 2085 1011 2145 aliquando
1042 2085 1301 2133 constituisse
1327 2087 1548 2148 alphabeti
1577 2089 1841 2145 Graecanici,
1876 2089 1965 2154 vel,
2001 2093 2122 2150 quod
2150 2094 2270 2143 idem

56 2150 139 2206 est,
169 2152 363 2198 valorem
383 2149 575 2197 habuiffe
594 2153 947 2212 grammaticum..
1017 2150 1293 2200 Confirmant
1315 2153 1360 2199 id
1380 2155 1495 2199 varia
1516 2154 1713 2200 Helladis
1732 2157 2013 2212 numismata,
2045 2159 2090 2202 in
2111 2160 2270 2218 quibus

53 2223 179 2266 ‚adnm
197 2219 387 2263 occurrit
407 2233 492 2278 pro
516 2215 646 2264 solito
663 2216 716 2273 k,
751 2217 900 2264 demto
921 2215 1078 2264 scilicet
1096 2219 1291 2264 Gothico
1311 2218 1458 2274 sibilo,
1493 2220 1662 2266 Graecis
1682 2221 1859 2267 auribus
1878 2224 2111 2282 peregrino
2139 2225 2190 2275 ὃς
2208 2228 2269 2272 ni-

56 2284 141 2329 mis
172 2281 348 2332 sonoro,
414 2280 569 2329 Adfert
604 2300 654 2328 ex
682 2283 1013 2345 Gazophylacio
1041 2285 1373 2348 Petropolitano
1414 2301 1650 2331 nummum
1687 2286 2025 2333 Corinthiorum
2072 2288 2267 2357 Tl’zeoph.

57 2346 213 2414 Sigfr.
236 2351 429 2398 Baierus
456 2351 595 2395 Tom.
618 2351 652 2397 Ι.
688 2354 1108 2398 commentariorum
1125 2350 1253 2399 acad,
1276 2353 1463 2416 Petrop.
1500 2368 1545 2412 p.
1570 2364 1688 2410 372,
1723 2353 1798 2411 qui
1824 2349 1954 2416 QOP
1971 2351 2161 2414 praefert,
2181 2359 2267 2406 hoc

56 2413 114 2462 est
134 2420 334 2475 Kognsa'm,
363 2416 585 2475 aliumque
605 2419 961 2479 Mycenaeorum‚
993 2418 1042 2462 in
1075 2418 1199 2462 cuius
1231 2432 1611 2478 monogrammate
1640 2417 1789 2464 eadem
1819 2420 1960 2480 figura
1988 2419 2265 2484 conspicitur.

55 2476 220 2530 Prioris
244 2475 426 2527 alterum
448 2482 557 2527 latus
587 2481 731 2528 tabula
756 2480 900 2529 nostra
922 2485 983 2528 ΠΙ
1012 2480 1369 2543 conspiciendum
1397 2481 1576 2544 praefert
1595 2484 1791 2532 Alexius
1817 2488 1948 2532 etiam
1970 2485 2267 2552 Symmachus

54 2542 324 2596 Mazoclzius
345 2548 388 2592 in
411 2551 743 2597 commentariis
762 2551 825 2597 ad
841 2546 1023 2597 tabulas
1040 2547 1366 2612 Heracleenfis‚
1391 2550 1585 2610 Neapoli
1613 2565 1739 2610 1754
1762 2549 1994 2613 impressis,
2028 2569 2132 2615 pag.
2158 2571 2263 2608 122.

53 2627 293 2659 numerum
313 2615 668 2659 Crotoniatarum
698 2630 1041 2673 commemorat,
1077 2614 1155 2661 ubi
1181 2615 1303 2661 urbis
1331 2632 1487 2662 eorum
1523 2633 1684 2663 nomen
1718 2618 1871 2663 litteris
1896 2621 2013 2673 QPO
2035 2622 2266 2682 indicatur,

53 2679 178 2740 ¹quod
208 2677 309 2722 alias
340 2681 452 2723 ΚΡΟ
484 2679 549 2724 vel
573 2683 609 2724 K
629 2683 660 2724 P
680 2683 720 2725 O
741 2683 786 2725 T
817 2696 1039 2728 exaratum
1068 2682 1249 2726 inveniri
1285 2679 1406 2729 solet.
1476 2684 1635 2743 Qlivis
1665 2699 1767 2728 vero
1798 2681 1920 2729 facile
1950 2686 2264 2748 animadvertit,

50 2738 165 2790 iuter
197 2743 441 2790 Gothicum
472 2759 504 2804 q
527 2745 821 2805 Graecumque
856 2746 942 2793 hoc
978 2752 1101 2795 κέππω
1130 2761 1218 2791 tam
1251 2763 1412 2806 parum
1447 2747 1708 2794 discriminis
1742 2747 1958 2805 interesse,
1991 2766 2042 2797 ut
2074 2752 2265 2807 alterum

51 2810 229 2856 alterius
263 2809 410 2861 locum
446 2806 570 2855 facile
604 2826 847 2871 occuparet.
915 2812 1089 2858 Alludit
1121 2812 1176 2858 ad
1208 2812 1320 2858 hanc
1355 2813 1472 2858 illius
1507 2812 1658 2859 litterae
1700 2811 1898 2861 formam
1931 2816 2261 2881 Quintilianus,

54 2875 132 2924 ubi
153 2876 205 2922 de
224 2892 276 2923 eo
299 2873 508 2939 disputat,
544 2876 753 2925 denturne
770 2877 816 2924 in
835 2877 1068 2941 alphabeto
1088 2879 1242 2991 Grae&
1264 2877 1415 2927 litterae
1431 2877 1731 2927 abundantes?
1764 2880 1909 2929 Verba
1927 2884 2018 2929 eius
2038 2881 2137 2935 sunt
2153 2892 2264 3004 [ἕως

1255 2961 1279 2991 e
2202 2957 2215 3001 i
2250 2995 2261 3006 .
