2473 3380
520 126 745 178 INTER
789 124 1120 178 Moasoao
1132 121 1309 178 THos
1350 126 1863 184 REPERIUNDIS.
2203 150 2291 197 141

83 253 239 305 capere
257 240 479 305 corfilium
495 240 644 308 potest,
665 239 714 290 Εἴ
734 239 901 304 clepere
903 236 1015 302 fise.
1082 237 1537 299 Usurpaviffeve'teres
1557 242 1711 288 eodem
1730 240 1849 287 sensu
1868 242 2080 309 clypeare,
2101 242 2215 291 testis
2236 243 2295 292 est

82 308 248 362 V'arro
274 307 327 356 de
358 308 538 372 Lingua
567 311 671 356 Lat.
702 305 800 353 Lib.
821 323 868 363 4,
891 321 928 352 1.
961 305 1039 366 qui
1070 323 1118 350 ex
1136 308 1323 353 Pacuvio
1341 303 1503 364 adfert,
1521 307 1767 376 chlamyde
1787 320 1991 358 contorta
2010 314 2103 374 astu
2122 312 2297 376 clypeat

81 371 331 429 biuchimn,
369 372 447 423 lzoc
469 376 522 433 est
541 375 743 427 involvit,
777 372 965 420 obvelat.
1034 370 1131 417 Nifi
1153 369 1225 432 spe
1248 374 1423 433 penitus
1443 370 1584 420 fallaci
1603 373 1695 435 ipse
1711 375 1826 421 mihi
1847 375 2123 433 adblandiar,
2161 378 2294 425 credo

78 437 202 496 fore,
234 455 282 485 ut
301 442 428 487 citius
469 441 553 485 iam
583 437 890 501 persuadeam,
924 438 1095 484 aliunde
1127 455 1259 497 quam
1291 456 1339 484 cx
1366 439 1499 486 hocce
1521 439 1718 488 Gothico>
1736 439 1885 504 hlifan
1913 459 2061 490 ortum
2085 460 2175 489 non
2195 442 2291 502 esse,

77 506 221 573 clypei
249 523 412 552 nornen
439 506 558 567 apud
585 509 789 560 Latinos,
825 520 981 566 utpote
1008 507 1131 550 cuius
1159 505 1310 550 unicus
1349 507 1392 549 in
1422 505 1534 553 bello
1565 505 1665 554 usus
1697 507 1778 565 est,
1821 524 1870 554 ut
1904 526 2066 570 corpus
2093 508 2292 556 adversus

80 571 302 631 quoslibet
329 572 441 620 istus
471 572 513 619 &
535 573 614 618 tela
635 587 856 635 protegat,
884 572 947 628 &,
976 570 1094 629 quod
1117 569 1272 615 eodem
1293 573 1503 629 pet-unet,
1537 574 1747 637 clypeum
1776 575 1845 621 vel
1863 575 2070 638 clupeum
2091 575 2151 622 nil
2170 575 2292 623 aliud

78 636 174 695 effe,
203 656 337 698 quam
355 641 474 699 quod
494 639 669 686 Gothos
690 636 790 703 lzlzf
797 639 949 692 dicere,
981 636 1242 692 audiv-imus,
1269 635 1412 681 addita
1431 652 1600 684 tantum
1620 643 1929 696 terminatione·
1944 644 2109 689 Latinis
2129 656 2292 690 amata:

78 704 202 764 quod
221 705 340 752 idem
366 707 418 752 de
438 708 593 753 Graeco
614 712 759 761 κέλυφος
781 705 866 749 dici
885 704 1059 764 poterit,
1087 701 1132 746 id
1151 701 1271 760 quod
1292 702 1408 761 apud
1434 704 1624 752 Suia'am
1646 707 1773 766 galeae
1792 725 1954 756 nomen
1975 708 2049 758 est.
2083 707 2292 769 Aliquod

74 767 192 817 forte
212 788 491 819 momentum
511 773 613 818 huic
636 770 916 831 etymologiae
936 768 1084 821 addet,
1114 767 1234 826 quod
1257 768 1424 813 tradant
1443 785 1604 817 veteres
1627 773 1806 820 Graeciae
1826 772 2079 836 scriptores,
2111 775 2292 840 Scythas

71 836 121 883 ἃ
160 835 381 898 speciatim
417 843 540 886 Sacas
575 836 688 883 scuta
719 838 919 894 primum
956 832 1171 879 invenisse.
1216 850 1257 880 v.
1288 833 1455 892 Zezes‚
1488 835 1686 885 Chiliaa'.
1708 841 1821 889 XIII.
1860 841 2022 888 etiamsi
2040 840 2293 891 Athenaeus

73 903 175 952 Lib.
195 906 271 952 VI.
291 921 451 958 mmm,
487 904 596 950 illud
620 905 842 948 inventum
862 899 1129 946 Samnitibus
1148 899 1331 956 tribuat,
1368 899 1617 948 discrimine
1637 921 1726 950 non
1745 908 1939 953 maximo
1953 942 1964 962 ‚
1999 925 2140 966 quum
2160 911 2292 956 etiam

73 968 123 1015 hi
147 970 341 1023 Celticae,
377 970 463 1015 hoc
497 968 555 1015 est
586 966 798 1029 Scythicae
827 968 1011 1026 originis
1037 962 1213 1012 fuerint.
1285 966 1487 1016 Clemens
1512 968 1867 1020 Alexandrinus
1895 988 2007 1019 certe
2029 991 2203 1035 parmas
2223 992 2288 1020 ex-

70 1034 212 1098 presse
232 1034 481 1082 Thracibus
501 1034 669 1082 tribuit.
739 1035 874 1079 Hisce
895 1048 999 1078 vero
1019 1030 1047 1076 fi
1066 1030 1212 1089 stetur,
1231 1034 1396 1079 mirum
1419 1032 1578 1082 censeri
1599 1054 1687 1083 non
1706 1036 1870 1099 potest,
1900 1038 1952 1095 fi,
1967 1066 1974 1076 -«
1986 1040 2110 1100 quod
2138 1042 2183 1086 in
2202 1040 2294 1102 ple·

71 1104 219 1162 risque
239 1102 333 1148 aliis
352 1107 579 1148 armorum
599 1099 833 1162 generibus
853 1097 1132 1157 observamus
1153 1116 1192 1147 e.
1212 1116 1251 1159 g.
1272 1095 1448 1159 framea,
1477 1102 1752 1165 rhomphaea,
1781 1123 1906 1164 runa,
1929 1097 2088 1164 sarissa,
2116 1105 2294 1169 gaesum‚

71 1169 206 1230 pelta,
237 1170 383 1225 careia,
416 1170 571 1226 quiris,
605 1166 698 1223 fica,
732 1168 946 1224 acinaces,
981 1181 1108 1223 cetra,
1130 1165 1210 1215 &a
1245 1168 1374 1213 etiam
1395 1169 1480 1216 hoc
1503 1169 1737 1217 barbarum
1761 1169 1888 1218 suum
1912 1190 2076 1225 nomen
2098 1176 2289 1221 retinue-

67 1236 144 1282 rit.
214 1237 347 1281 Forte
376 1235 506 1280 etiam
538 1233 797 1297 Scythicum
826 1234 960 1279 hocce
989 1230 1089 1294 lzlzs
1105 1232 1173 1277 vel
1199 1229 1270 1294 lif
1280 1236 1523 1293 exprimere
1543 1236 1722 1283 voluere
1742 1239 1897 1296 Graeci,
1928 1239 2049 1296 dum,
2069 1238 2292 1306 Hfilchio

67 1299 185 1358 teste,
219 1301 426 1363 clypeum
445 1315 561 1360 omma.
591 1302 634 1348 &
670 1313 790 1360 λαῖφω
835 1298 1137 1360 appellarunt,
1171 1298 1429 1359 praemissam
1450 1299 1785 1363 adspirationem
1818 1306 1864 1350 in
1885 1303 1955 1352 sua
1979 1306 2128 1368 lingua
2147 1308 2290 1368 expri-

15 1383 16 1386 ’
67 1383 189 1414 mere
221 1385 310 1413 non
338 1367 541 1417 valentes,
610 1369 743 1428 Apud
773 1367 893 1430 Hssz
924 1366 1138 1430 Augusta?
1167 1363 1418 1429 Scriptores
1442 1384 1714 1414 memoratur
1741 1371 1923 1430 aliquod
1955 1374 2148 1420 militum
2182 1388 2290 1421 cata-

67 1431 361 1495 phraffirum
388 1435 547 1493 genus,
580 1434 826 1482 clibanariz‘
843 1429 1011 1477 dietum
1026 1468 1036 1487 ,
1070 1447 1094 1475 a
1113 1428 1323 1489 clibanis,
1358 1432 1404 1480 h.
1425 1450 1465 1482 e.
1487 1438 1677 1495 tegmine
1696 1433 1865 1494 ferreo,
1902 1455 1991 1497 quo
2014 1456 2102 1484 non
2125 1439 2204 1500 ipsi
2226 1439 2290 1486 {o-

63 1499 164 1546 lum
197 1501 358 1545 muniti
386 1515 526 1558 erant,
556 1497 628 1546 sed
650 1502 796 1557 etiam,
818 1498 976 1559 quibus
997 1496 1272 1555 vehebantur,
1292 1501 1394 1559 equi
1416 1501 1687 1553 circumdati.
1757 1506 2041 1565 Peregrinum
2060 1504 2193 1553 hocce
2214 1523 2290 1554 vo-

65 1564 273 1613 cabulum
301 1562 407 1615 esse,
448 1567 606 1614 docent
628 1566 913 1631 Capitolinus
938 1580 1068 1624 atque
1088 1564 1361 1618 Ammianus
1380 1567 1709 1619 Marcellinus:
1745 1568 1817 1614 ille
1844 1572 1886 1616 in
1916 1571 2190 1622 Alexandro
2212 1572 2288 1622 Se-

63 1648 182 1689 vero,
203 1633 276 1678 hic
298 1633 418 1683 Hali.
442 1633 537 1692 Lib,
559 1635 618 1683 X
624 1634 704 1682 VI.
729 1633 852 1694 quod
872 1648 974 1678 vero
995 1630 1202 1677 Persicam
1222 1631 1332 1679 hanc
1362 1634 1734 1682 nomenclaturam
1762 1634 1844 1682 effe
1872 1638 2061 1693 tradant,
2082 1640 2128 1685 in
2147 1638 2289 1687 caussa

63 1697 180 1746 forte
200 1697 272 1754 est,
305 1699 427 1759 quod
450 1718 532 1761 per
555 1699 720 1746 Perfida
742 1701 795 1746 ad
816 1702 1038 1745 Romanos
1060 1698 1145 1745 hoc
1161 1696 1334 1745 'militiae
1354 1700 1397 1746 &
1414 1716 1642 1748 armaturae
1661 1719 1796 1764 genus
1817 1703 2043 1755 transterit·
2078 1709 2287 1754 Ceterum

63 1764 292 1813 verifimile
315 1765 397 1823 est,
428 1784 451 1812 a
469 1764 619 1830 lzlifan
639 1769 770 1813 etiam
790 1767 924 1812 hosce
945 1779 1222 1827 nuncupatos
1245 1764 1325 1812 esse
1342 1765 1405 1828 *).

268 1833 423 1890 Altera,
442 1850 538 1893 quae
559 1851 643 1895 pro
662 1834 791 1881 hacce
809 1832 1091 1896 etymologia,
1099 1848 1294 1894 pugnare
1313 1835 1485 1883 videtur
1502 1838 1627 1894 ratio,
1649 1854 1695 1884 ea
1713 1835 1788 1900 cst,
1819 1838 1940 1899 quod
1960 1836 2186 1888 scutorum
2206 1841 2288 1889 no-'

14 1928 17 1930 ·
61 1901 183 1948 mina
199 1918 222 1947 a
242 1899 428 1960 tegendo
449 1897 540 1947 fere
561 1897 749 1948 formata
769 1901 1014 1947 videamus.
1084 1902 1152 1944 Sic
1171 1916 1194 1945 a
1198 1892 1339 1968 fhyla
1361 1901 1595 1964 Anglosax.
1609 1904 1832 1972 styldun,
1865 1922 2033 1968 tegere,
2068 1908 2285 1956 habemus

44 1966 220 2030 skuld.-
254 1963 485 2030 askydda,
514 1968 635 2027 quod
654 1969 774 2016 idem
793 1981 927 2024 notat,
959 1964 1036 2012 nifi
1058 1983 1153 2012 mea
1173 1982 1244 2012 me
1265 1964 1417 2016 fallant
1433 1973 1627 2031 auguria,
1648 1974 1908 2020 Latinorum
1911 1971 2115 2037 statum.
2174 1978 2287 2022 Non

7 2067 25 2078 .-
63 2049 137 2081 mc
156 2035 361 2095 praeterit,
381 2035 497 2078 varia
517 2034 600 2080 alia
619 2035 671 2080 de
690 2050 791 2080 ortu
811 2034 946 2079 huius
968 2034 1087 2079 vocis
1108 2032 1160 2079 ab
1182 2036 1460 2097 Etymologis
1483 2037 1614 2094 tradi3
1651 2035 1746 2097 sed,
1774 2037 1916 2087 nescio
1939 2042 2038 2101 qui,
2067 2041 2178 2089 nihil
2208 2058 2283 2088 eo-·

62 2117 166 2147 rum
184 2100 297 2146 mihi
319 2095 533 2147 satisfacit.
599 2101 748 2161 Vulgo
769 2099 926 2146 scilicet
948 2099 1104 2146 deduci
1131 2097 1238 2146 solet
1257 2119 1279 2147 a
1300 2107 1459 2163 γλύφων,
1494 2101 1710 2165 sculpere,
1748 2106 2093 2167 quum-constet,
2119 2122 2284 2158 veteres

63 2181 154 2212 tam
174 2167 351 2212 Graecos
372 2165 414 2210 ὅ(
433 2167 627 2220 Latinos,
663 2183 796 2225 quam
816 2167 1062 2212 Germanos
1083 2164 1196 2212 scuta
1214 2164 1285 2212 sua
1306 2170 1433 2213 variis
1451 2171 1718 2230 imaginibus
1741 2188 1888 2219 ornata
1910 2174 2129 2223 habuisset
2164 2174 2284 2221 unde

63 2229 233 2279 fabium
254 2238 455 2292 putatur,
490 2229 772 2298 utstlzilderi
789 2231 1010 2290 hodieque
1028 2247 1208 2277 vocetur
1231 2233 1376 2279 tabula
1397 2233 1533 2293 pieta,
1559 2234 1787 2296 picClasque
1815 2240 2025 2298 imagines
2046 2238 2163 2286 naEli
2187 2239 2282 2298 sint,

63 2300 144 2358 qui
164 2297 277 2345 ludis
295 2295 468 2343 hastatis
488 2298 680 2345 interesse
699 2315 778 2360 per
795 2298 1004 2344 natalium
1023 2298 1321 2345 conditionem
1341 2316 1543 2360 potuere.
1612 2302 1696 2348 Sed
1718 2303 1921 2349 credibile
1942 2306 2136 2363 videtur,
2163 2303 2282 2353 scuta

63 2364 209 2411 multo
238 2378 334 2410 ante
361 2363 415 2409 ad
443 2366 642 2426 corporis
671 2365 851 2412 tutelam
881 2362 1111 2427 usurpata,
1157 2381 1293 2424 quam
1321 2367 1588 2428 imaginibus
1620 2384 1771 2425 ornata
1796 2367 1941 2428 fuisse,
1975 2371 2084 2418 adeo
2106 2387 2157 2419 ut
2183 2370 2282 2419 fieri

62 2433 135 2479 vix
153 2432 362 2491 potuerit,
392 2445 441 2477 ut
460 2434 639 2478 nomine
659 2433 889 2488 caruerint,
924 2448 1064 2491 usque
1085 2431 1194 2477 dum
1220 2434 1368 2479 ornari
1387 2435 1643 2496 inceperint.
1690 2438 1899 2482 Derivant
1915 2438 1989 2483 alii
2009 2455 2032 2484 a
2052 2446 2191 2498 ,ω’κλος,
2217 2438 2280 2488 ob

64 2496 392 2553 rotunditatem,
420 2514 463 2546 v.
485 2498 734 2566 Salmasius
754 2501 800 2545 in
819 2499 1002 2547 Exere.
1025 2498 1146 2546 Plin.
1168 2515 1212 2559 p.
1227 2515 1297 2557 lm.
1319 2515 1378 2562 23
1395 2515 1434 2550 ι.
1505 2503 1679 2571 Vofflus
1700 2520 1804 2550 vero
1824 2505 1867 2549 in
1887 2502 2038 2554 Trast.
2059 2506 2110 2553 de
2129 2507 2277 2554 Litte-

65 2579 231 2613 rarum
246 2568 574 2627 permutatione
594 2582 618 2611 a
636 2571 792 2624 κᾶλλοψ,
820 2582 960 2626 quum
981 2564 1127 2628 clypei
1146 2563 1298 2632 fierent
1321 2583 1369 2613 ex
1387 2568 1636 2630 tergoribus
1658 2569 1850 2620 bubulis,
1918 2572 2002 2618 Sed
2022 2570 2163 2634 specie
2181 2568 2291 2627 fere=

62 2633 189 2679 omni
208 2631 276 2676 hae
299 2630 579 2692 etymologiae
598 2645 762 2686 carent,
789 2647 838 2678 ut
857 2633 993 2678 cuivis
1013 2630 1155 2678 statim
1173 2648 1308 2692 patet.

261 2697 465 2742 Detinuit
482 2714 563 2744 nos
583 2698 811 2756 hucusque
831 2700 1017 2763 propria
1036 2700 1156 2745 vocis
1174 2696 1292 2762 lzlzfa
1311 2699 1579 2762 significatio,
1606 2718 1692 2764 qua
1711 2718 1869 2765 tegere,
1889 2705 2024 2752 celare
2046 2719 2178 2764 notar,
2209 2702 2275 2754 sei

60 2765 214 2826 quitur
225 2762 316 2826 jam
335 2762 479 2821 altera,
499 2780 595 2824 quae
619 2764 956 2811 occultationem
975 2764 1083 2812 boni
1103 2766 1230 2812 alieni
1246 2765 1462 2828 fignificat,
1483 2770 1551 2816 vel
1569 2766 1754 2817 furtum.
1799 2771 1946 2819 Habet
1966 2772 2012 2819 id
2031 2788 2272 2823 commune

95 2866 98 2873 ⁴
1119 2834 1148 2879 S
1187 2848 1228 2894 3*
2165 2856 2272 2888 cum

117 2924 154 2975 ⁶)
179 2921 338 2962 Clibanus
355 2924 472 2962 etiarn
490 2923 565 2963 fuit
581 2922 716 2963 fumus
734 2923 899 2972 mobilis,
917 2926 958 2963 in
977 2938 1055 2977 quo
1070 2927 1178 2976 panis
1197 2928 1450 2981 coquebatur,
1473 2938 1558 2982 quae
1574 2942 1668 2981 VOX,
1694 2929 1722 2971 fi
1738 2932 1903 2985 perinde*
1922 2945 1964 2977 ac
1979 2934 2097 2978 ’altera
2110 2935 2272 2988 originis

109 2996 119 3001 ν
170 2974 340 3020 Gothicae
358 2975 484 3028 fuerit,
500 2976 695 3020 referenda
711 2977 859 3020 videtur
873 2977 921 3019 ad
937 2978 1052 3032 Ulph.
1068 2977 1185 3031 hlaibs,
1206 2993 1329 3033 panis,
