2473 3380
184 182 285 222 202,
826 182 827 185 κ
907 126 1374 209 DISSERTATIO
1409 148 1656 213 PRJMA,

1165 269 1203 325 §0
1274 263 1412 312 XXV.

322 361 549 417 Alterum,
594 356 718 419 quod
755 354 1078 403 inobservatum
1118 350 1394 414 praetermitti
1422 361 1512 397 non·
1540 343 1689 405 debet,
1724 343 1843 403 esto,
1880 344 2000 408 quod
2024 343 2232 408 sequitur.
2300 345 2395 409 Qi

184 444 289 477 cum
307 425 540 489 alphabeto
561 423 746 471 Ebraico
769 420 1015 467 Gothicum
1037 419 1283 473 contulerit,
1313 418 1522 472 inveniet,
1555 414 1730 460 Gothos
1751 412 1959 471 studiose,
1994 430 2071 459 nec
2089 411 2175 458 fine
2195 409 2396 469 success'u,

183 494 281 543 :suas
299 495 459 540 litteras
478 490 673 537 Ebraicis
692 483 1002 540 conformaffe‚
1033 485 1077 530 id
1095 496 1287 545 agentes,
1323 497 1373 528 ut
1390 483 1541 543 primo
1561 481 1713 526 litterae
1730 479 1904 537 litteris,
1941 479 1984 526 ὅ(
2002 479 2099 525 dein
2119 477 2240 524 valor
2258 477 2397 537 arith-

182 563 369 610 meticus
390 557 529 604 valori
550 553 972 602 accommodaretur.
1043 552 1209 596 Verum
1238 550 1357 596 enim
1384 564 1489 594 vero
1519 562 1659 606 quum
1689 545 1842 607 genius
1871 546 2100 604 utriusque
2127 559 2399 604 magnopere

185 625 466 685 discreparet,
509 618 728 667 necessum
767 615 881 679 fuit,
923 631 994 673 ut,
1036 617 1171 663 veluti
1204 613 1502 676 tranfigendo,
1546 613 1599 658 ad
1638 611 1919 658 concordiam
1950 610 2267 671 redigerentur.
2334 611 2399 655 Ita

187 707 329 752 quum
348 686 642 750 gutturalibus
663 686 813 731 ceteris
830 700 987 745 praeter
1004 678 1035 728 Ῐι
1055 697 1244 729 carerent
1266 681 1432 736 Gothi,
1465 678 1608 726 Ebraei
1635 694 1739 723 vero
1766 676 1934 722 vocales
1968 677 2013 722 in
2032 691 2270 722 numerum
2287 675 2396 721 litte·

185 773 289 805 rum
309 772 401 801 non
418 766 696 815 cooptarent,
731 751 808 797 has
831 752 876 796 in
895 751 1076 796 illorum
1097 749 1245 795 locum
1264 745 1574 794 substituerunt
1599 743 1763 801 Gothi,
1796 743 1856 789 ita
1881 757 1931 788 ut
1948 764 1975 795 te
2011 743 2055 786 in
2074 755 2124 798 a,
2154 762 2179 794 ῃ
2207 743 2252 787 in
2283 757 2325 798 e,
2369 763 2397 795 ῃ

184 837 395 883 tanquam
430 818 771 881 adspirationem
796 814 1032 864 fortiorem
1068 817 1113 861 in
1143 815 1388 862 Gothicum
1414 811 1464 868 Ιι,
1502 819 1531 861 9
1551 828 1653 858 vero
1680 811 1726 855 in
1753 826 1784 857 u
1815 809 2118 857 converterint.
2188 811 2398 854 Praeterea

185 889 401 936 inlocum
422 883 470 923 vis·
495 894 508 925 7
545 884 828 940 Ebraeorum,
862 899 1002 943 quum
1028 882 1110 927 alia
1139 881 1277 928 littera
1305 877 1654 926 succenturianda
1683 874 1804 936 esset,
1839 875 1881 921 ὅ(
1902 874 2120 921 Gothicus
2149 871 2292 920 sermo
2312 874 2400 920 hoc

184 953 293 1002 sono
314 952 570 1007 abundaret,
605 964 760 1011 utpote
781 950 825 994 in
845 966 935 1008 quo
954 965 997 1005 u,
1017 945 1076 997 Ιιυ
1093 947 1136 994 ὅτ
1154 964 1211 1012 qv
1230 945 1540 1008 reperiebatur,
1564 945 1774 991 ultimum
1796 943 2029 1002 elegerunt,
2098 944 2236 988 Porro
2257 955 2399 1000 quum

184 1020 395 1067 sibilantes
416 1019 578 1063 litteras
599 1015 746 1076 plures
767 1014 974 1061 haberent
991 1014 1133 1060 Ebraei
1153 1030 1288 1073 quam
1308 1012 1472 1067 Gothi,
1508 1012 1610 1057 hinc
1629 1011 1674 1055 in
1698 1009 1844 1055 locum
1875 1028 1900 1059 n
1927 1006 2056 1054 suum
2068 1008 2119 1070 j,
2155 1008 2277 1068 quod
2296 1021 2397 1053 cum

185 1085 311 1134 fibilo
339 1084 425 1128 leni
453 1081 689 1141 aliquaudo
719 1081 946 1140 prolatum
972 1077 1125 1134 fuisse,
1178 1076 1294 1125 infra
1323 1078 1600 1131 monebitur,
1649 1074 1904 1122 substituere
1941 1072 2156 1120 necessum
2188 1072 2398 1122 habuere.

187 1151 331 1198 Graeci
349 1149 446 1193 heic
463 1148 485 1193 ξ
512 1144 758 1207 ponebant,
791 1161 882 1204 quo
903 1161 1075 1190 caruere
1103 1144 1266 1200 Gothi,
1300 1159 1455 1204 utpote
1484 1143 1605 1202 quod
1632 1143 1805 1203 gemina
1824 1140 1961 1187 littera
1988 1139 2313 1201 exprimebant,
2345 1139 2399 1186 ks

185 1232 347 1276 nempe
364 1213 434 1262 vel
452 1211 528 1270 hs,
564 1227 615 1258 ut
632 1225 750 1271 patet
765 1228 813 1256 ex
834 1206 1091 1273 Arfalfffitd,
1127 1207 1231 1263 ahs,
1267 1206 1403 1269 spica,
1438 1207 1588 1256 Sue-th.
1608 1224 1700 1261 ax,
1731 1204 1962 1270 walzsjan,
1998 1205 2205 1261 crescere,
2241 1205 2396 1255 Sueth.

183 1287 327 1333 vdxai
399 1278 605 1325 Tandem
629 1293 768 1336 quum
787 1275 988 1323 Gothicae
1009 1276 1159 1322 litterae
1183 1274 1254 1338 tsk
1283 1274 1407 1320 locus
1438 1273 1721 1320 inveniendus
1750 1272 1869 1327 esset,
1903 1288 2032 1332 atque
2062 1274 2174 1318 inter
2192 1271 2398 1318 Ebraicas

185 1350 340 1397 ordine
359 1344 640 1406 sequerentur
659 1350 686 1382 ³*
714 1341 756 1388 ἃ
774 1351 817 1395 ,m
864 1342 908 1388 id
927 1341 1005 1388 fibi
1034 1339 1277 1390 sumserunt
1296 1340 1458 1397 Gothi,
1490 1356 1538 1387 ut
1557 1339 1676 1386 suam
1691 1378 1701 1397 ,
1736 1356 1832 1399 quae
1850 1340 2079 1398 utriusque
2099 1336 2256 1385 sonum
2276 1354 2399 1386 com⁴

182 1413 477 1478 plestebatur,
512 1412 744 1469 utriusque
761 1410 853 1455 vice
876 1405 1004 1469 fungi
1030 1408 1231 1466 sinerent,
1266 1407 1308 1453 δι
1337 1408 1461 1464 hinc,
1494 1409 1616 1467 quod
1648 1409 1691 1451 in
1715 1407 1874 1467 primis
1901 1420 2050 1452 notatu
2071 1404 2256 1465 dignum
2283 1403 2399 1450 arbi·

182 1498 302 1539 tror,
333 1480 498 1533 evenit,
530 1492 579 1523 ut
602 1476 893 1523 arithmetices
911 1475 1112 1521 Gothicae
1130 1490 1456 1533 ceterarumque
1475 1475 1703 1519 nationum
1723 1475 1833 1518 ratio
1854 1470 2103 1527 Ebraicam,
2141 1488 2275 1530 quam
2295 1471 2396 1516 hac-

185 1563 311 1595 tenus
328 1543 466 1608 presse
488 1541 639 1590 secutae
658 1539 852 1596 fuerant,
887 1543 934 1587 in
954 1541 1095 1587 tribus
1116 1539 1394 1601 sequentibus
1414 1542 1620 1586 continue
1646 1552 1902 1592 antevertat,
1938 1538 1997 1583 ita
2025 1553 2074 1585 ut
2090 1536 2327 1585 Ebraicum
2370 1556 2395 1588 -ι

184 1613 441 1660 tantundem
461 1610 598 1657 valeat
616 1625 664 1655 ac
688 1608 935 1656 Gothicum
951 1624 998 1667 s,
1033 1607 1140 1658 Ebr.
1162 1630 1199 1664 w
1218 1626 1266 1656 ac
1287 1605 1423 1657 Goth.
1446 1618 1467 1655 t
1478 1643 1491 1665 ,
1525 1605 1631 1655 Ebr.
1650 1626 1680 1659 n
1703 1622 1751 1653 ae
1772 1604 1914 1653 Goth.
1932 1618 1986 1671 y,
2019 1605 2086 1652 uti
2101 1603 2296 1665 tabulam
2315 1620 2397 1653 ter·

185 1680 294 1728 tiam
310 1679 496 1726 intuenti
512 1673 695 1739 patebit.

1156 1759 1424 1826 §.·XXVL

320 1851 406 1901 Sed
433 1865 455 1898 e
481 1868 526 1899 re
555 1847 634 1909 est,
666 1847 880 1912 sigillatim
910 1848 1168 1897 Gothorum
1194 1850 1354 1897 litteras
1381 1844 1693 1909 contemplari,
1726 1859 1795 1902 ut,
1829 1843 1952 1904 quod
1980 1840 2231 1894 summatim
2256 1845 2395 1898 brevi-

185 1936 337 1980 terque
361 1917 660 1975 diss'eruimus,
690 1918 900 1976 liquidius
919 1912 1115 1978 patescat.

320 1990 359 2031 A
390 1983 625 2046 respondet
648 1980 752 2035 Ebr.
789 2003 837 2040 κ,
873 1979 1036 2029 etiamfi
1066 1982 1175 2038 hoc,
1208 1981 1400 2043 proprio
1428 1976 1537 2027 sono
1565 1993 1736 2037 carens,
1769 1974 1959 2027 eundem
1977 1976 2044 2025 ab
2070 1977 2236 2029 adieffla
2253 1980 2394 2030 vocali

182 2067 424 2102 mutuetur·

318 2121 354 2164 B
375 2115 601 2176 aequivalet
624 2112 676 2152 τὸ
697 2129 742 2173 2,
775 2116 890 2161 utin
911 2112 1176 2170 Barrabas,
1208 2109 1348 2170 barn,
1380 2107 1544 2161 infans,
1621 2172 1624 2174 Β
1912 2154 1917 2157 a

317 2185 361 2230 G
382 2182 440 2229 est
458 2183 576 2243 apud
600 2182 797 2237 GothOS,
833 2177 957 2242 quod
981 2182 1027 2226 in
1052 2180 1183 2226 Eberi
1203 2178 1373 2226 familia
1416 2196 1455 2237 a,
1475 2197 1511 2227 e.—
1529 2197 1573 2241 ς.
1596 2174 1843 2233 Galilaia„
1860 2176 1997 2244 gods,
2029 2174 2190 2225 bonus.
2258 2179 2395 2243 Quod

182 2266 288 2299 vero
308 2247 397 2296 haec
418 2250 555 2296 littera
580 2263 676 2296 ante
705 2247 825 2294 aliud
893 2284 904 2304 ,
939 2254 962 2291 lc
984 2249 1027 2294 ἃ
1049 2264 1106 2312 qv
1124 2247 1306 2308 perinde
1336 2264 1382 2293 ac
1410 2247 1530 2307 apud
1551 2247 1727 2292 Graecos
1752 2261 1780 2291 n
1801 2243 2013 2300 sonuerit,
2048 2246 2093 2290 in
2119 2246 2395 2306 praecedenti·

182 2317 266 2366 bus
289 2315 528 2363 indicatum
547 2312 618 2360 est.
675 2264 934 2361 Rationiius
959 2331 1063 2360 vero
1084 2329 1178 2360 tum
1200 2314 1333 2359 allatis
1362 2313 1463 2360 addi
1482 2313 1667 2374 poterit,
1703 2312 1822 2370 quod
1850 2327 1936 2371 pro
1955 2312 2098 2371 priori
2117 2327 2155 2376 g
2174 2313 2396 2362 interdum

182 2401 214 2434 n
233 2397 453 2440 occurrat,
483 2397 521 2430 e.
539 2397 580 2442 g,
604 2384 771 2445 inquis,
807 2382 918 2430 Luc.
945 2395 1018 2438 19,
1041 2395 1120 2442 31.
1139 2396 1224 2440 pro
1248 2382 1422 2445 igquis‚
1455 2395 1549 2425 vos.
1618 2376 1912 2423 Observamus
1931 2392 2092 2437 porro,
2125 2381 2265 2441 excipi
2287 2381 2392 2428 hine

182 2448 299 2498 forre
317 2449 493 2504 debere,
529 2464 627 2508 quae
644 2450 689 2492 in
709 2446 857 2493 eadem
882 2446 1042 2509 syllaba
1057 2463 1095 2513 g
1115 2447 1273 2493 habent
1298 2447 1591 2505 geminatum,
1627 2461 1666 2491 e.
1687 2460 1731 2504 g.
1756 2442 2048 2508 glaggvuba,
2080 2461 2296 2495 accurate:
2333 2451 2392 2494 Is·

183 2517 302 2563 laudi
328 2517 446 2562 enim
467 2510 674 2580 gloggur
702 2527 803 2559 eum
832 2514 1044 2574 apellant,
1086 2513 1164 2574 qui
1187 2526 1365 2561 acutum
1398 2510 1539 2569 videt,
1586 2527 1675 2557 non
1695 2510 1919 2576 glongur‚
1968 2507 2104 2559 Confi
2131 2514 2275 2576 Anglo
2294 2517 2394 2566 Sax.

180 2585 410 2651 gleovlice‚
443 2582 566 2628 clare.

316 2651 361 2694 D
386 2645 444 2692 est
464 2646 568 2711 Ebr.
606 2665 651 2701 -ι,
680 2658 731 2690 ut
756 2641 959 2700 Daveid,
992 2644 1130 2711 dags,
1167 2642 1274 2697 dies.

315 2710 500 2778 Euapud
536 2712 713 2758 Gothos
739 2709 818 2766 est,
862 2712 983 2776 quod
1013 2724 1026 2746 ε
1052 2715 1337 2762 Graecorumz
1384 2704 1656 2757 substituitur
1687 2725 1793 2757 vero
1820 2705 2007 2756 Ebraico
2028 2725 2054 2761 n
2080 2708 2138 2758 ob
2164 2710 2396 2773 rationem,

187 2795 320 2843 quarn
339 2778 565 2839 superiore
579 2777 863 2840 ¹paragrapho
893 2777 1109 2830 dedimus,
1179 2782 1384 2826 Ceterum
1403 2775 1629 2824 observare
1657 2777 1860 2823 convenit
1869 2812 1881 2833 ‚
1903 2792 1937 2823 ,ε
1953 2777 2213 2824 Gothorum
2233 2776 2390 2839 saepius
2427 2828 2437 2831 χ

187 2850 428 2909 exprimere
447 2856 465 2882 ὴ
496 2846 727 2900 Graecum,
761 2843 867 2892 dum
889 2860 1037 2894 contra
1053 2852 1216 2894 ‘eorum
1242 2860 1257 2883 ³
1284 2848 1329 2894 in
1348 2843 1492 2895 codice
1509 2853 1719 2910 argenteo
1743 2859 1826 2905 per
1842 2844 1891 2893 ai
1915 2842 2061 2892 efferri
2079 2842 2250 2902 assolet,
2285 2861 2321 2893 e.
2344 2862 2388 2906 g,

184 2906 477 2995 Aileg‘fizbqish
488 2948 501 2970 ,
533 2904 731 2954 Ελισοίβετ,
2302 2977 2388 3041 Qy
