2473 3380
164 181 265 240 ἔσο
395 165 907 222 PRAEFATIONES
941 160 1309 217 SPECIMINI
1341 160 1712 215 GLOSSARII
1743 160 2108 217 PRAEFIXAE.

163 299 265 331 nem
284 280 476 329 multum
491 280 652 329 habere
671 279 854 328 Gothici
874 278 1111 332 idiomatis,
1131 274 1235 321 alibi
1256 274 1514 332 docuimus,
1547 274 1590 321 ἃ
1612 275 1657 319 in
1685 272 1958 334 sequentibus
1975 275 2155 321 ulterius
2176 267 2372 320 observa·

162 351 251 397 turi
270 347 432 399 sumus,
501 347 638 412 Qtod
658 348 788 393 etiam
806 342 1009 392 Etruscus
1028 342 1071 389 ὃ(
1090 357 1285 388 veterum
1316 342 1554 387 latinorum
1581 336 1723 386 sermo
1750 355 1852 386 cum
1877 341 1962 388 hoc
1982 340 2177 387 Gothico
2205 341 2371 384 mirum

164 417 210 463 in
230 415 418 462 modum
437 413 765 475 conspiraverit,
798 427 965 472 paucae,
999 425 1095 468 quae
1114 403 1354 468 supersunt,
1387 407 1612 465 utriusque
1632 405 1791 466 linguae
1811 405 2004 464 reliquiae
2024 405 2120 452 satis
2141 405 2371 453 declarant.

163 482 323 529 Celtica
340 480 485 541 lingua
503 481 603 541 plus
629 477 812 524 Gothici
831 474 1043 522 sermonis
1062 473 1215 530 habet,
1250 489 1381 532 quam
1403 473 1634 532 quisquam
1653 469 1767 517 hisce
1786 470 1938 516 litteris
1965 489 2054 517 non
2077 473 2267 517 initiatus
2281 506 2292 527 ,
2324 471 2373 516 in

162 549 364 596 animum
385 546 622 591 induxeritz
657 543 786 603 idque
805 556 927 588 tanto
946 542 1092 586 minus
1121 540 1309 594 mirum,
1344 554 1486 598 quum
1514 538 1646 583 unius
1674 536 1956 595 eiusdemque
1984 537 2142 597 lingu‘ae
2161 536 2373 599 Scythicae

162 620 348 672 utraque
370 609 576 658 dialeflus
596 605 745 657 fuerit.
817 606 952 670 Quod
973 606 1206 653 Slavonicae
1233 605 1412 665 linguae,
1448 604 1598 650 itidem
1628 603 1710 648 illae
1730 602 1936 664 Scythico
1959 601 2161 648 idiomati
2187 619 2276 648 non
2297 617 2368 663 pe·

162 680 345 740 regrinae
358 714 370 734 ‚
397 677 645 738 plurimum
665 671 979 735 Moesogothici
998 670 1208 718 sermonis
1226 673 1449 727 retineant,
1474 672 1646 731 primus
1659 704 1669 723 ‚
1704 667 1827 728 quod
1848 665 1977 713 sciam
1997 667 2257 713 declaratum
2278 668 2372 723 ivit,

161 747 230 792 vir
249 747 293 790 in
319 744 409 790 hoc
430 741 675 790 studiorum
698 757 854 801 genere
873 754 1100 798 nunquam
1125 736 1210 783 fine
1236 736 1405 783 honore
1434 735 1747 789 nominandus,
1787 733 2063 784 Waclzterus
2090 735 2135 778 in
2163 733 2375 793 peculiari

160 809 492 865 schediasmate,
525 823 651 855 tomo
670 810 728 855 Π.
757 803 1134 852 miscellaneorum
1154 801 1496 849 Berolinenfium
1517 799 1690 856 insert0,
1718 800 1770 846 de
1787 801 1950 865 lingua
1971 800 2133 848 codicis
2153 814 2214 846 ar
2247 801 2375 846 entei.

161 877 298 940 Qiod
317 876 492 922 tandem
523 876 569 921 in
594 874 742 935 lingua
759 873 950 919 Fennica
977 869 1096 916 haud
1125 885 1266 930 pauca
1289 872 1565 929 reperiantur
1592 863 1783 912 sermoni
1802 863 2127 927 Moesogothico
2151 881 2172 910 a
2227 866 2316 919 nia,
2348 881 2376 911 a

163 939 500 995 Stiernlu'elmio
520 942 565 986 in
585 937 804 987 Glossario
821 936 971 999 paffim
991 933 1266 982 observatum
1284 932 1472 990 videbis,
1507 935 1649 979 immo
1670 930 1845 978 diffiteri
1866 949 1956 978 non
1972 931 2109 977 debeo
2123 967 2134 987 ,
2169 947 2239 976 me
2258 928 2376 991 post<

163 1026 300 1071 quam
318 1006 629 1055 diEiionarium
651 1005 853 1052 Svethico
872 1004 1117 1049 Fennicum
1148 1018 1250 1048 cura
1273 1001 1387 1048 beati
1405 997 1598 1061 episcopi
1617 995 1822 1064 Juslenii
1847 998 1966 1044 haud
1996 1000 2056 1044 ita
2076 996 2257 1058 pridem
2286 996 2377 1044 edi-

163 1091 275 1133 tum,
294 1072 513 1121 consulere
530 1073 697 1132 occepi,
723 1071 853 1131 longe
873 1069 1002 1130 plura
1022 1066 1224 1114 invenisse
1238 1103 1248 1123 ,
1284 1083 1381 1126 quae
1401 1083 1491 1112 non
1507 1083 1587 1127 per
1605 1064 1713 1111 colla
1733 1064 1775 1111 ἃ
1796 1067 1935 1110 crines
1949 1096 1959 1116 ‚
1996 1063 2117 1123 quod
2134 1064 2275 1120 aiunt,
2311 1079 2377 1110 ra-

164 1157 280 1206 ptata
301 1139 490 1185 Gothica
510 1134 623 1183 fagia
642 1135 744 1192 sint,
777 1133 849 1180 sed
868 1130 1141 1180 manifestam
1167 1149 1272 1178 cum
1288 1131 1454 1178 vetusto
1479 1131 1566 1177 hoc
1591 1129 1791 1177 sermone
1812 1147 1902 1192 prae
1927 1128 1969 1176 se
1995 1129 2173 1175 tulerint
2197 1128 2377 1176 harmo-

162 1209 282 1254 niam
296 1243 306 1262 ,
340 1206 398 1251 ita
420 1203 598 1263 quidem
620 1216 669 1248 ut
688 1201 800 1248 mihi
821 1197 1107 1262 gratiffimum
1127 1196 1251 1254 effer,
1282 1196 1314 1243 fi
1333 1198 1576 1258 quispiam,
1612 1198 1688 1256 qui
1707 1196 1818 1242 hanc
1841 1197 2035 1257 linguam
2054 1195 2225 1253 calleat,
2260 1198 2377 1241 Moe-

162 1271 398 1335 sogothicae
416 1267 681 1316 addiscendae
699 1283 829 1328 atque
850 1283 952 1313 cum
972 1265 1162 1311 Fennica
1180 1259 1454 1312 conferendae
1473 1262 1794 1322 aliquantulum
1818 1278 1999 1323 operam
2020 1263 2272 1322 impendere
2291 1261 2376 1307 vel-

164 1339 243 1387 let:
277 1335 478 1385 futurum
500 1337 619 1382 enim
637 1349 733 1381 tum
754 1351 877 1395 paene
895 1331 1139 1394 praevideo,
1180 1330 1230 1376 ut
1255 1347 1464 1376 numerus
1486 1331 1722 1374 verborum
1741 1331 1893 1374 Fenno
1912 1326 2260 1388 Ulphilanorum
2279 1324 2380 1374 infi-

164 1407 307 1469 gniter
324 1401 501 1451 aucium
519 1418 660 1450 eatur·
715 1403 811 1461 Ego
835 1416 976 1459 quum
997 1399 1042 1444 in
1063 1395 1311 1458 praesentia,
1346 1412 1442 1456 quae
1459 1396 1556 1441 heic
1583 1391 1822 1441 breviffime
1851 1394 2118 1448 indicantur,
2153 1393 2249 1439 data
2271 1410 2376 1455 ope·

163 1489 213 1522 ra
230 1472 271 1519 ὃ(
289 1473 334 1517 in
352 1469 549 1517 medium
569 1466 797 1515 afferendis
818 1465 1025 1526 exemplis
1044 1461 1338 1510 demonstrare
1356 1477 1567 1520 nequeam
1582 1498 1593 1518 ‚
1635 1461 1746 1506 inter
1764 1460 1912 1520 plures
1934 1457 2245 1506 dissertationes
2265 1459 2377 1506 hanc

164 1554 349 1601 operam
368 1537 554 1598 partiar,
584 1533 665 1596 ipsi
682 1535 812 1580 etiam
835 1529 1081 1589 Glossario,
1114 1527 1195 1576 suo
1221 1529 1321 1575 loco
1349 1527 1438 1573 huc
1467 1524 1669 1574 facientia
1691 1524 1843 1588 paffim
1869 1523 2118 1572 inserturus.
2185 1529 2292 1572 Haec
2313 1527 2378 1571 in·

166 1620 281 1652 terea
298 1603 329 1651 fi
345 1620 443 1650 vera
461 1601 544 1649 esse
557 1637 569 1661 ,
596 1600 710 1648 mihi
729 1598 962 1646 credideris
974 1633 987 1654 ,
1021 1596 1129 1658 quid
1149 1592 1296 1655 quaeso
1313 1594 1433 1641 aliud
1454 1590 1686 1650 inferetur,
1719 1608 1851 1653 quam
1871 1592 2066 1654 linguam
2083 1591 2195 1638 hanc
2211 1593 2376 1653 partim

169 1673 217 1719 in
247 1671 416 1725 celtica,
448 1685 604 1731 graeca,
634 1668 786 1724 latina,
821 1661 969 1711 forsan
996 1664 1126 1710 etiam
1146 1662 1373 1708 slavonica
1403 1659 1617 1707 sororiam
1650 1660 1957 1720 cognationem
1984 1655 2236 1720 agnoscere,
2267 1675 2377 1720 par·

169 1739 251 1784 tim
278 1738 389 1783 inter
409 1750 589 1792 ceteras,
622 1749 829 1793 tanquam
849 1728 1107 1777 munificam
1122 1742 1306 1775 matrem
1321 1763 1332 1783 ,
1362 1724 1457 1772 suas
1479 1727 1683 1787 partitam
1703 1722 1832 1772 fuisse
1860 1724 2001 1786 opes?
2036 1728 2091 1771 Et
2118 1725 2209 1772 haec
2234 1741 2376 1786 porro

169 1800 250 1849 sub
270 1818 444 1847 examen
461 1803 544 1847 rite
563 1813 737 1854 vocata,
772 1795 1043 1843 illustrabunt
1059 1791 1175 1840 forte
1194 1793 1311 1839 illam
1340 1790 1645 1851 quaestionem,
1681 1809 1778 1851 quae
1806 1791 1859 1837 de
1887 1792 1998 1836 veris
2027 1791 2205 1852 linguae,
2241 1807 2377 1851 quam

170 1865 544 1929 Moesogothicam
565 1863 860 1926 appellamus,
895 1858 1095 1908 fontibus
1123 1860 1325 1919 agitatur.
1395 1860 1517 1903 Nam
1546 1857 1651 1902 dum
1679 1857 1727 1902 hi
1755 1873 1849 1902 eam
1868 1858 2122 1903 Francicam
2143 1855 2232 1912 effe}
2252 1855 2379 1905 diffi-

169 1931 307 1988 {iann
334 1933 411 1978 alii
436 1931 797 1991 Sveogothicam,
831 1945 928 1988 quae
948 1927 1103 1987 opinio
1122 1925 1233 1971 mihi
1256 1941 1435 1983 quoque
1453 1920 1765 1969 humaniffimo
1786 1923 1955 1968 iniuriae
1984 1939 2139 1984 genere
2166 1923 2379 1972 tribuitur

168 2001 224 2047 ab
241 1993 493 2046 augtoffibus
515 1997 776 2043 relationum
797 1989 1184 2053 Goettingenfium,
1217 1991 1319 2036 anni
1343 1988 1582 2051 superioris
1603 1992 1717 2038 Nr0.
1743 1996 1829 2050 82,
1860 1985 2043 2048 perinde
2062 1989 2177 2035 mihi
2192 1990 2278 2037 hoc
2296 1990 2378 2038 esse

167 2066 341 2113 videtur
353 2099 365 2123 ,
393 2082 440 2111 ac
458 2062 489 2110 fi
508 2064 604 2122 quis
624 2062 676 2107 de
693 2078 746 2107 eo
765 2060 972 2107 dimicare
991 2057 1143 2115 vellet,
1179 2068 1330 2102 utrum
1350 2055 1497 2117 lingua
1514 2056 1775 2101 Germanica
1788 2092 1798 2111 ,
1832 2055 2110 2102 Alemannica
2129 2054 2194 2111 fit,
2215 2073 2269 2103 an
2287 2062 2376 2104 Ana

167 2132 242 2194 glo
261 2130 490 2179 Saxonica.
556 2128 726 2174 Scilicet
742 2127 796 2173 ad
817 2140 1014 2173 neutram
1031 2120 1185 2170 referri
1206 2120 1359 2184 potest,
1378 2137 1583 2182 tanquam
1603 2138 1689 2167 una
1706 2121 1944 2180 eademque
1964 2117 2127 2179 sutura,
2143 2123 2197 2168 ad
2214 2138 2377 2170 utram-

167 2215 251 2258 que
279 2212 442 2244 tantam
477 2210 674 2257 cognata.
742 2193 911 2239 Scilicet
935 2191 990 2237 ab
1015 2189 1094 2235 illo
1124 2204 1347 2251 tempore,
1381 2205 1471 2248 quo
1499 2187 1651 2233 floruit
1674 2186 1907 2248 Ulphilas,
1939 2187 1980 2233 δι
2015 2204 2107 2248 quo
2133 2191 2375 2237 Teutonici

165 2262 401 2325 scriptores
429 2262 652 2321 hodieque
672 2258 916 2321 superstites
943 2258 1106 2312 vixere,
1140 2255 1270 2319 plura
1297 2252 1561 2301 intercessere
1589 2251 1747 2310 secula,
1777 2254 1926 2315 plures
1955 2253 2065 2300 adeo
2089 2256 2375 2317 migrationes

166 2331 385 2394 gentium,
418 2344 657 2387 earumque
678 2325 1013 2372 commixtiones
1026 2360 1038 2380 ,
1072 2339 1169 2382 quae
1186 2339 1236 2368 ex
1254 2337 1345 2367 uno
1362 2317 1485 2367 fonte
1505 2337 1594 2366 non
1612 2335 1853 2381 potuerunt
1877 2336 1967 2366 non
1994 2320 2141 2381 plures
2160 2321 2374 2369 deducere

166 2397 350 2445 rivulos.
416 2397 480 2441 Ex
499 2395 610 2453 illis,
644 2410 739 2453 quae
757 2388 1033 2439 fundamenti
1052 2389 1151 2435 loco
1170 2385 1402 2445 substravi,
1435 2384 1639 2446 consequi
1660 2387 1790 2431 etiam
1812 2385 1960 2441 debet,
1992 2386 2187 2447 linguam
2207 2387 2374 2436 Moeso-

167 2463 392 2526 gothicam
412 2461 466 2508 ad
484 2460 719 2507 Hebraeam
731 2496 742 2516 ,
774 2458 917 2505 multo
936 2473 1068 2516 quam
1086 2454 1221 2502 ullam
1241 2454 1532 2500 recentiorum
1553 2453 1803 2512 linguarum
1824 2453 2012 2512 propius
2031 2453 2228 2499 accedere
2247 2455 2373 2503 debe·

167 2546 234 2577 re.
300 2530 357 2575 Et
384 2527 539 2574 accidit
565 2542 733 2581 revera,
768 2525 812 2570 id
840 2523 984 2583 quod,
1018 2522 1126 2569 dum
1154 2536 1311 2567 ceteras
1341 2519 1500 2580 linguae
1525 2518 1775 2578 Ulphilanae
1802 2519 2079 2578 cognationes
2107 2523 2371 2580 enumeravi,

165 2595 370 2658 principe
388 2592 487 2640 loco
505 2591 802 2639 annotandum
821 2587 923 2637 fuit,
991 2590 1055 2634 Ut
1074 2590 1120 2633 in
1146 2584 1368 2649 praesentia
1390 2584 1555 2644 aliquid
1578 2581 1725 2630 saltem
1745 2583 1985 2644 probatum
2013 2584 2137 2640 dem,
2173 2587 2371 2649 exempla

165 2660 355 2722 paucula
366 2696 378 2718 ,
407 2673 564 2720 praeter
581 2658 679 2718 illa,
712 2672 810 2717 quae‘
829 2674 852 2702 a
872 2651 1205 2704 Stiernhielmio
1222 2653 1346 2700 allata
1360 2652 1554 2714 reperire
1571 2650 1693 2712 licet,
1724 2649 1990 2717 inmedium
2006 2648 2184 2702 afferam
2195 2688 2208 2713 ‚
2231 2651 2372 2718 fingu-

163 2729 208 2776 la
227 2726 405 2774 uberius
424 2723 505 2773 sub
522 2721 650 2772 cursu
669 2725 816 2785 operis
837 2720 1105 2784 explicanda·

231 2813 361 2864 Abrs
372 2848 384 2870 ,
416 2811 585 2859 validus
596 2848 609 2869 ,
641 2810 744 2862 Ebr.
761 2826 851 2861 nott
867 2810 919 2859 de
938 2826 1027 2872 quo
1045 2825 1148 2858 mox
1165 2805 1312 2873 plura·

230 2899 336 2959 Ale,
362 2899 448 2953 sed.
466 2915 519 2965 ³1⁸
536 2901 613 2961 ak,
645 2897 778 2951 idem.

2198 2980 2370 3038 Athr‘u·
