2473 3380
732 81 1668 149 ANNOTATIONES.
2175 108 2305 156 “121

290 195 425 266 Qod
441 201 496 250 ad
514 201 588 249 illa
607 203 773 260 attinet,
798 222 896 265 quae
921 222 969 250 ex
990 203 1209 252 occasione
1227 204 1446 268 praesentis
1464 200 1670 255 vocabuli
1696 208 1768 255 hic
1784 206 1938 256 auffior
1964 207 2118 271 adfert,
2141 230 2193 261 eo
2211 230 2307 264 ten-

94 266 247 325 dentia,
278 284 328 314 ut
348 269 488 315 lucem
506 270 636 316 addat
653 270 752 317 loco
773 270 959 318 obscuro
984 272 1147 318 codicis
1167 276 1381 335 argentei,
1411 275 1632 333 Matth.9,
1649 282 1723 324 16.
1751 274 1887 322 verbo
1914 290 2080 324 tantum
2101 282 2311 346 monebo,

87 335 283 394 peritum
315 334 526 383 lestorem
556 335 682 384 facile
710 339 1074 397 animadvertere,
1103 356 1151 386 ea
1172 357 1349 387 examen
1369 359 1460 389 non
1485 340 1711 402 sustinere,
1739 343 1897 399 immo,
1915 358 1965 389 ut
1984 361 2139 393 verum
2159 345 2305 410 fatear,

86 415 163 454 nec
190 403 364 450 mereri.

1113 488 1155 520 V.
1201 485 1279 525 21.

285 533 353 597 cc)
389 532 606 593 Thiutlza‚
640 536 778 585 bono.
824 538 1029 585 Occurrit
1061 538 1152 585 haec
1182 556 1267 585 vox
1294 555 1384 584 non
1403 557 1503 588 raro
1526 543 1570 588 in
1590 539 1788 590 Dialeao
1816 540 2162 605 Moesogothica,
2196 547 2302 597 &in

80 597 153 644 illa
171 595 283 646 sola:
322 599 470 648 ceterae
492 605 607 650 enim
627 621 713 666 pro
735 621 788 651 eo
804 606 909 670 god,
925 617 1052 671 gout,
1055 604 1145 668 fil,
1168 606 1231 653 til
1246 604 1412 663 aliaque
1431 608 1704 668 adoptarunt.
1761 612 1984 657 Succurrit
1999 626 2157 671 tamen,
2178 617 2299 675 quod

80 665 127 710 in
145 666 357 717 Platonis
378 669 571 731 dialogo,
605 688 737 731 quern
759 670 997 738 Cratylum
1019 670 1224 727 inscribit,
1258 671 1454 730 legerim,
1488 675 1533 718 in
1554 678 1683 720 veteri
1704 677 1885 731 Graecia,
1915 685 1986 730 διὰ
2018 679 2136 725 idem
2164 682 2295 730 deno-

79 730 202 790 tasse‚
239 735 360 795 quod
387 736 571 784 bonum.
629 744 708 788 Διδς
727 740 802 791 γαίη
822 746 981 794 σημαίνει
1002 743 1193 790 τάγαθὰ.
1250 736 1544 785 Indicavimus
1576 756 1698 787 antea
1727 740 1775 789 ch
1803 742 1845 788 ὅτ
1872 748 1904 789 d
1931 743 2042 805 saepe
2068 746 2291 807 alternare,

78 813 205 858 atque
224 803 332 848 adeo
354 800 510 850 sonum
532 802 652 849 haud
672 802 812 850 dubie,
825 817 1061 863 cognatum
1088 801 1305 848 habuisse:
1343 820 1434 862 quo
1456 804 1596 864 posito
1611 844 1620 862 ‚
1650 808 1692 853 ὅτ
1710 807 1836 853 simul
1860 808 2098 865 observato,
2120 814 2294 866 tlziuths

75 863 159 911 esse
189 866 491 932 dissyllabum,
528 883 682 931 utpote
713 869 758 912 in
785 884 875 926 quo
898 872 913 915 i
933 884 1024 913 non
1041 867 1068 930 j
1089 872 1302 928 cernitur3
1339 868 1428 915 sola
1457 867 1548 916 fere
1583 875 1889 919 terminatione
1924 876 1966 920 id
1999 894 2021 922 a
2039 879 2196 927 Graeco
2222 890 2294 935 ἕως

76 930 345 994 discrepare,
380 939 588 983 cernitur.
658 934 908 980 Invenimus
940 934 1019 979 hac
1047 936 1136 991 via,
1172 935 1280 981 dum
1311 951 1473 982 veteres
1505 938 1648 984 Graeci
1684 941 1934 1000 principem
1965 944 2165 990 Deorum
2194 945 2290 994 suo·

74 1013 176 1044 rum
202 1008 272 1050 Δία,
301 1002 622 1063 nuncupabant,
642 1001 874 1059 Latinique
894 1000 1131 1064 diespiter,
1167 1018 1240 1048 eos
1268 1002 1353 1048 hoc
1374 1020 1538 1049 numen
1565 1001 1697 1050 suum
1725 1005 1911 1063 bonum,
1941 1007 1983 1054 ὅ(
2013 1008 2183 1057 bonum
2215 1030 2290 1072 pa-

75 1079 186 1110 trem
217 1068 435 1127 appellare
460 1065 654 1116 voluisse.
725 1068 823 1113 Scio
856 1066 1085 1125 equidem,
1125 1084 1307 1121 vetere3‚
1343 1069 1453 1131 &jn
1484 1070 1571 1117 hoc
1600 1089 1786 1118 numero
1816 1074 2105 1123 Macrobium
2133 1077 2289 1140 diespi„

71 1145 184 1177 trem
209 1131 376 1179 distum
395 1135 581 1190 tradere,
612 1131 730 1193 quali
750 1133 837 1178 diei
856 1149 1050 1194 patrem:
1084 1131 1156 1180 sed
1183 1152 1325 1194 quum
1347 1136 1440 1183 orc‘i
1459 1137 1828 1199 tenebrarumque
1851 1140 2054 1198 domino,
2085 1143 2286 1202 Plutoni,

70 1197 187 1243 idem
220 1215 382 1246 nomen
413 1200 649 1260 aliquando
676 1199 915 1255 tribuatur,
947 1200 1122 1246 evidens
1149 1199 1229 1256 est,
1267 1204 1460 1248 nominis
1488 1206 1702 1250 rationem
1732 1206 1908 1252 aliunde
1928 1209 2160 1269 petendam
2189 1211 2285 1266 effe,

68 1263 166 1310 Nisi
202 1262 316 1312 forte
346 1267 538 1322 viderer,
574 1264 810 1329 hypothesi
840 1265 1032 1314 nimium
1071 1264 1298 1323 inservire,
1333 1267 1452 1330 {ique
1480 1268 1664 1317 instituti
1690 1273 1804 1317 ratio
1835 1276 2130 1333 permitteret,
2162 1294 2212 1325 ut
2237 1281 2283 1326 in

68 1330 329 1378 anteceffum
357 1334 594 1394 probatum
619 1326 794 1392 darem,
833 1333 1011 1378 Graecos
1032 1330 1148 1393 ipsos
1175 1351 1265 1379 non
1285 1333 1481 1391 diffiteri,
1512 1334 1552 1380 se
1573 1354 1595 1382 a
1615 1338 1810 1400 Scythis,
1846 1355 1895 1385 ut
1913 1343 2052 1403 multa
2080 1343 2186 1397 alia,
2223 1346 2282 1393 ita

67 1398 289 1457 imprimis
309 1398 555 1446 destrinam
578 1397 800 1444 sacrorum
831 1396 1032 1452 haufiffe,
1063 1399 1106 1444 <Sc
1124 1400 1314 1459 proinde
1339 1417 1428 1446 non
1449 1402 1745 1462 improbabile
1767 1402 1870 1461 esse,
1902 1402 2018 1465 cum*
2037 1407 2129 1469 ipsa
2148 1407 2279 1457 scien-

68 1463 126 1508 tia
152 1465 316 1510 multos
344 1467 555 1512 terminos
584 1464 639 1509 ad
668 1462 890 1510 scientiam
920 1459 1183 1524 pertinentes
1211 1466 1266 1510 ad
1293 1482 1367 1512 eos
1398 1465 1628 1514 transiisse:
1665 1469 1856 1516 dicerem
1884 1468 2036 1531 facile,
2073 1479 2277 1535 quemad-

66 1528 254 1587 modum
283 1532 329 1577 in
357 1549 512 1578 eorum
543 1531 693 1590 lingua
717 1530 833 1579 Gud
858 1548 880 1575 a
900 1529 1016 1596 god,
1051 1530 1137 1577 hoc
1165 1530 1223 1578 est
1243 1549 1267 1577 a
1286 1531 1478 1580 bonitate
1509 1551 1672 1581 nomen
1696 1535 1848 1594 habet,
1882 1539 1942 1584 ita
1970 1541 2013 1586 ὅ(
2041 1542 2221 1589 Graecos
2252 1562 2278 1590 a

65 1592 253 1652 thiutln,
277 1607 357 1652 θεδς
379 1595 535 1644 feeiffe.
603 1598 817 1643 Nominis
839 1598 972 1642 huius
1002 1598 1131 1658 origo
1158 1600 1324 1659 petitur
1352 1599 1456 1645 alias
1487 1602 1623 1648 modo
1645 1619 1668 1648 a
1690 1604 1929 1662 currendo,
1970 1616 2092 1669 (siu)
2136 1609 2276 1658 modo

65 1679 89 1709 a
110 1662 321 1716 videndo,
349 1671 563 1724 (θεοίομω)
590 1667 719 1709 etiam
739 1681 761 1708 a
790 1671 863 1716 διδς
887 1665 1043 1710 timor:
1078 1661 1151 1710 sad
1174 1661 1314 1726 specie
1343 1664 1509 1726 singula
1539 1664 1630 1713 fere
1660 1685 1821 1718 carent.

267 1727 358 1790 dd)
400 1727 650 1790 Untlzauclz,
684 1730 876 1785 malum,
916 1747 938 1776 a
960 1731 1218 1790 praecedenti
1241 1729 1428 1790 tlziutlzs,
1447 1734 1489 1780 ὅ(
1511 1735 1723 1795 particula
1753 1737 1950 1798 negativa
1974 1752 2052 1788 un.
2121 1742 2172 1786 In
2203 1758 2276 1790 co.

62 1794 159 1842 dice
189 1809 390 1857 argenteo
420 1796 634 1843 habemus
660 1793 1057 1857 unthiwlztaujan,
1094 1797 1205 1843 male
1236 1794 1392 1848 facere.

1027 1944 1159 1991 CAP.
1192 1944 1309 1995 XIII.

1092 2070 1134 2102 V.
1172 2070 1221 2104 20

263 2138 331 2203 ee)
368 2138 687 2197 Gareidet‘nai,
722 2141 1007 2189 ordinationi.
1078 2144 1282 2189 Occurrit
1309 2143 1354 2188 in
1374 2143 1746 2206 codice-argenteo
1771 2145 1968 2212 garaid,
2004 2150 2274 2204 ordinatum.

29 2216 35 2253 ’,
61 2210 169 2257 Luc.
194 2220 242 2263 3,
284 2222 360 2265 13.
432 2210 482 2251 In
512 2202 662 2266 lingua
690 2208 829 2266 patria
857 2206 1095 2268 habemus,
1130 2207 1266 2264 reda,
1300 2208 1528 2271 ordinare,
1563 2211 1604 2255 δι
1635 2213 1771 2266 reda,
1807 2213 1942 2267 ordo,
1978 2217 2095 2262 unde
2121 2220 2272 2278 ereda,

60 2264 269 2321 confusio.
339 2273 549 2318 Islandice
564 2272 750 2337 greida,
786 2271 1017 2334 praepofito
1043 2289 1092 2339 g,
1123 2273 1290 2339 greida
1323 2275 1470 2330 word,
1502 2275 1702 2322 excubias
1723 2277 1947 2335 ordinare,
1983 2282 2100 2341 apud
2121 2286 2272 2335 Vere-

60 2341 185 2389 lium.
257 2343 354 2386 Nec
385 2357 455 2385 me
480 2336 572 2384 falli
603 2337 853 2395 credidero,
886 2337 917 2385 fi
936 2338 1024 2385 huc
1046 2335 1328 2386 referendum
1355 2341 1500 2388 dicam
1533 2342 1643 2389 illud
1670 2343 1857 2408 Taticrni
1888 2350 2112 2407 antrez'cu,
2149 2353 2273 2411 quod

61 2408 200 2466 capite
224 2421 277 2462 2,
312 2421 352 2464 3.
387 2407 577 2452 occurrit
660 2407 717 2453 In
747 2409 947 2453 antreitu
961 2406 1087 2469 fines·
1120 2405 1369 2470 uuelfizks,
1405 2408 1450 2458 h.
1474 2426 1513 2455 e,
1542 2410 1587 2454 in
1614 2409 1770 2455 ordine
1791 2411 1896 2456 vicis
1919 2408 2003 2458 suae
2014 2432 2025 2470 3
2061 2418 2270 2478 quodque

61 2473 328 2521 [Jalttaenim
361 2490 447 2518 non
476 2469 571 2517 satis
595 2473 829 2519 commode
849 2472 980 2518 trahit
1006 2473 1062 2519 ad
1084 2474 1400 2520 Germanicum
1429 2480 1619 2531 amrin,
1648 2477 1869 2526 introituS.
1939 2482 2042 2527 Hoc
2063 2499 2168 2529 vero
2191 2501 2270 2532 an.

59 2551 195 2586 trema
227 2537 447 2599 przefixam
468 2537 597 2584 habet
619 2540 1003 2599 paniculum-ant,
1039 2557 1136 2599 quae
1164 2540 1455 2601 oppositionis
1486 2558 1587 2588 nota
1609 2540 1688 2599 est,
1722 2557 1850 2602 atque
1881 2544 1991 2591 adeo
2021 2547 2269 2597 viciffitudi-

57 2623 156 2652 nem
181 2605 414 2651 commode
433 2602 653 2660 describit,
689 2622 785 2664 quae
806 2605 866 2650 nil
886 2606 1003 2652 aliud
1026 2605 1107 2663 est,
1143 2623 1275 2666 quam
1298 2608 1411 2653 ordo
1431 2606 1719 2657 diversorum.
1776 2606 1909 2657 Conf.
1940 2612 2194 2663 andreidim
2222 2619 2268 2663 in

0 2681 2 2684 >
58 2670 312 2733 fragmentis
332 2669 488 2737 Isidori
509 2687 555 2730 p.
578 2674 691 2718 260.
722 2672 821 2721 edit.
843 2672 1183 2729 Paltszemanae,
1220 2674 1298 2720 ubi
1326 2676 1455 2720 etiam
1477 2674 1656 2736 simplex
1686 2673 1852 2732 redlza,
1887 2678 2026 2733 ordo,
2063 2685 2269 2730 occurrit.

61 2735 177 2785 {dem
215 2738 324 2785 reda
353 2737 471 2798 apud
500 2753 579 2781 nos
617 2752 736 2783 notat
765 2740 894 2784 etiam
934 2756 1188 2796 numerare,
1234 2739 1351 2800 quasi
1381 2741 1569 2788 calculos
1606 2742 1760 2786 ordine
1793 2758 1978 2802 ponere,
2012 2747 2057 2793 it.
2090 2745 2266 2807 solvere,

55 2806 244 2865 beredo,
279 2805 340 2852 id.
414 2808 461 2849 ln
489 2804 680 2862 antiquis
715 2804 864 2865 legum
894 2804 1051 2852 tabulis
1083 2807 1245 2856 bereda
1269 2810 1435 2873 gia’ld,
1472 2807 1667 2854 debitum
1703 2805 1878 2856 solvere.
1946 2813 2140 2874 Cognata
2170 2813 2269 2863 sunt

55 2872 196 2920 odicis
228 2873 421 2933 argentei
450 2869 640 2927 rathart,
678 2887 908 2918 numerare
939 2872 982 2919 ἃ
1011 2872 1223 2932 rathion,
1258 2891 1493 2932 numerus,
1527 2874 1690 2933 quibus
1719 2876 1910 2922 concinit
1932 2879 2023 2926 Lat.
2057 2886 2193 2939 ratio,
2223 2883 2268 2929 ὅ(

1206 2943 1274 3004 Q
2180 2950 2266 2996 Gr.
