2473 3380
135 140 239 201 370
665 127 772 182 DE
808 125 1082 181 LINGUA
1115 124 1391 179 comem
1420 122 1803 178 ARGENTEI.

139 251 290 298 dinem
314 244 505 295 secutum
525 238 672 300 fuiss'e‚
706 259 958 302 novumque
979 240 1087 287 illud
1110 239 1299 295 idioma,
1335 238 1456 297 quod
1475 235 1685 300 Astzmal,
1718 237 1790 285 seu
1809 236 1989 286 Asarum
2009 235 2250 286 sermonem
2269 255 2341 301 ap·

137 318 327 381 pellant,
359 313 530 374 regioni
547 308 769 357 induxisse.
839 312 948 354 Ante
968 308 1078 352 hanc
1105 308 1222 352 enim
1254 305 1468 365 epocham
1501 303 1708 350 credibile
1736 303 1815 360 est,
1851 308 2116 366 Lapponum
2147 306 2342 365 linguam

135 400 260 432 terrae
281 377 644 428 inhabitatoribus
664 374 937 421 vernaculam
955 369 1094 419 fuiffe.
1161 374 1262 417 Hos
1283 387 1387 416 vero
1407 369 1675 430 aborigines,
1709 369 1787 416 ubi
1808 367 2127 432 Asanilongius
2154 372 2345 431 longius-

136 467 223 510 que
251 447 510 511 propulere,
543 439 761 489 subsistere
793 439 972 485 demum
1001 438 1055 484 ad
1083 453 1295 485 extremos
1320 435 1461 482 boreae
1486 437 1721 494 termin08‚
1754 434 1902 494 ibique
1931 453 2061 483 novas
2087 434 2202 483 sedes
2230 453 2346 495 quae-

138 533 232 563 rere
254 512 358 576 paffi
377 510 487 557 sunt.
554 508 697 554 Subiit
716 507 860 565 itaque
879 519 966 552 tam
988 522 1074 564 qua
1092 521 1258 560 mores,
1295 519 1426 561 quam
1456 503 1585 548 etiam
1613 518 1697 560 qua
1727 498 1974 546 sermonem
2002 501 2119 548 orbis
2147 505 2347 549 SuioGo·

136 584 278 629 thicus
300 574 604 625 omnimodam
624 574 938 630 mutationem,
971 573 1029 617 ita
1045 586 1094 617 ut
1112 587 1196 632 pro
1223 567 1406 630 pristino
1429 568 1504 614 illo
1524 583 1718 618 veterum
1740 567 1988 614 incolarum
2006 568 2226 625 idiomate,
2251 567 2348 614 Asa-

139 663 246 695 num
277 643 386 690 illud
412 640 485 688 seu
512 639 756 687 Gothicum
786 636 1091 685 introduaum
1119 633 1277 684 fueritt
1320 634 1441 694 quod
1468 634 1778 681 Gothorumne
1809 634 1854 678 in
1881 630 2032 678 Moesia
2057 632 2351 682 habitantium

134 712 292 768 fuerit,
321 709 463 755 dicere
484 705 605 752 haud
623 721 818 766 pronum
838 702 920 762 est,
955 719 1097 764 quum
1118 702 1308 749 Gothica
1326 703 1476 762 lingua
1503 702 1546 746 in
1565 701 1701 746 varias
1722 696 1926 745 dialeuos
1949 697 2125 754 abierit,
2159 717 2235 745 nec
2253 698 2350 747 satis

136 794 326 833 certum,
360 775 437 821 ubi
457 769 633 835 praecise
655 770 796 821 odini
813 772 964 831 patriae
983 767 1098 816 sedes
1119 767 1297 816 fuerint.
1352 770 1517 813 Interea
1539 765 1585 811 id
1605 766 1705 827 plus
1724 782 1855 824 quam
1877 764 2107 825 probabile
2136 763 2218 824 est,
2253 766 2348 821 hos,

136 847 213 905 qui
234 843 427 889 nominis
449 838 632 886 Gothici
659 855 707 883 ex
726 835 808 883 asse
835 836 1014 883 heredes
1041 850 1187 892 erant,
1222 831 1421 880 sermone
1449 833 1503 879 ad
1529 849 1603 878 eos
1631 833 1833 893 proxime
1864 828 2080 878 acceffiss'e.
2150 833 2248 878 Nec
2271 832 2352 877 lin-

134 927 230 973 guae
249 923 409 959 veteres
428 906 702 952 hodiernaeve
723 904 844 949 litem
866 905 975 948 hanc
997 902 1237 961 dirimunt3
1273 916 1373 945 nam
1394 898 1424 944 si
1445 899 1538 944 illas
1560 915 1661 945 cum
1681 895 1818 961 prisca
1835 897 1916 943 hac
1926 895 2234 957 Ostrogothica
2252 915 2351 943 con-

133 977 385 1030 tulerimuS,
420 972 557 1018 multa
579 971 770 1015 invenire
790 969 888 1015 licet
908 970 1038 1022 huius
1058 969 1217 1029 linguae
1241 966 1466 1022 vocabula,
1487 982 1584 1025 quae
1609 966 1654 1009 in
1672 963 1815 1024 Anglo
1835 964 2041 1009 Saxonica
2057 960 2220 1008 residua
2242 961 2351 1020 sunt,

136 1059 319 1105 quaeque
339 1042 384 1085 in
402 1038 520 1085 nulla
537 1037 618 1082 alia
638 1033 824 1082 dialesto
857 1033 938 1081 usu
958 1050 1126 1095 recepta
1152 1032 1572 1087 animadvertuntur,
1608 1030 1755 1076 multae
1785 1030 1876 1075 aliae
1908 1045 2032 1074 voces
2061 1029 2178 1089 apud
2197 1029 2349 1075 Theo-

133 1106 260 1156 tiseos
282 1103 523 1166 superstites
545 1101 661 1156 sunt,
696 1118 800 1159 quas
821 1102 965 1160 Anglo
987 1102 1081 1147 SaX.
1103 1101 1370 1159 ignorarunt.
1441 1099 1531 1156 Qi
1548 1114 1651 1143 vero
1671 1097 1875 1142 omnium
1894 1093 2255 1156 singulorumque
2282 1112 2347 1140 ac-

133 1175 396 1221 curatiorem
416 1183 654 1215 numerum
684 1167 793 1211 inire
820 1167 1031 1220 voluerit,
1066 1167 1320 1210 inventurus
1348 1160 1475 1208 facile
1503 1164 1607 1219 erit,
1642 1160 1795 1208 erraffe
1818 1160 2141 1217 thlzterum,
2176 1161 2281 1208 dum
2305 1164 2349 1206 in

132 1240 302 1288 laudata
327 1234 617 1283 dissertatione
638 1233 689 1278 de
717 1232 864 1293 lingua
890 1232 1051 1278 codicis
1077 1231 1289 1290 argentei,
1322 1246 1370 1290 p.
1398 1242 1478 1288 47,
1500 1228 1649 1287 docet,
1685 1242 1780 1274 eam
1807 1242 1905 1274 cum-
1934 1230 2058 1275 nulla
2079 1231 2229 1274 minus
2247 1228 2353 1275 dia·

133 1308 236 1356 1εὲῐο
260 1306 512 1358 convenire,
547 1313 680 1364 quam
716 1313 816 1346 cum
847 1295 1171 1347 Suioflotlzica.
1239 1297 1302 1341 Re
1332 1296 1450 1340 enim
1477 1311 1576 1340 vera
1602 1293 1731 1354 longe
1760 1290 1878 1338 secus
1905 1290 1976 1338 est.
2045 1296 2166 1339 Nam
2186 1292 2349 1339 etiamsi

135 1373 179 1421 id
198 1371 314 1419 bona
331 1368 474 1416 nostra
492 1367 618 1413 venia
635 1364 712 1412 fibi
733 1364 952 1410 vindicare
973 1361 1131 1425 poffint
1160 1362 1394 1417 Germani,
1431 1361 1553 1420 quod
1575 1358 1883 1419 Ostrogothica
1911 1359 2061 1420 lingua
2076 1374 2141 1424 ga
2161 1362 2350 1406 nomini-

130 1440 213 1488 bus
240 1433 498 1491 colleffivis,
531 1449 609 1479 nec
631 1448 718 1478 non
740 1430 975 1478 verborum
997 1430 1250 1491 praeteritis,
1285 1425 1450 1488 supinis
1483 1428 1624 1473 immo
1649 1425 1701 1474 ὃς
1729 1423 1956 1471 infinitivis
1973 1443 2063 1472 non
2089 1443 2189 1472 raro
2210 1424 2350 1486 praefi-

132 1521 226 1568 gat,
260 1518 307 1550 ut
325 1503 373 1548 hi
393 1500 519 1549 suum
538 1515 595 1566 ge
616 1497 738 1558 quod
759 1496 989 1544 articulum
1007 1493 1275 1542 substantivis
1304 1494 1560 1554 praemittat,
1597 1508 1729 1551 quem
1758 1508 1839 1538 nos
1861 1494 1985 1538 Sueci
2016 1490 2348 1552 postponimus:

132 1570 275 1632 quod,
312 1570 420 1617 dum
438 1584 516 1614 nos
539 1564 716 1628 passivas
736 1563 975 1610 verborum
996 1559 1159 1608 formas
1180 1559 1429 1605 immediate
1458 1576 1506 1604 ex
1524 1558 1663 1604 verbis
1691 1574 1911 1615 creamus,
1948 1558 2082 1604 codex
2109 1573 2349 1619 argenteus,

130 1655 253 1685 more
275 1635 566 1690 Germanico,
601 1648 687 1694 ope
708 1630 943 1677 verborum
966 1628 1228 1675 auxiliarum
1250 1624 1480 1673 mairtlzan
1501 1625 1543 1671 δεῖ
1566 1621 1704 1687 wg‘fim
1725 1638 1882 1671 utatur.
1952 1627 2060 1669 Haec
2091 1625 2269 1683 inquam
2302 1625 2350 1669 li-

130 1719 196 1750 cet
216 1705 364 1750 omnia
384 1718 481 1748 vere
503 1700 610 1754 dici,
641 1698 757 1743 ultro
780 1694 1087 1749 confiteamur,
1123 1694 1327 1739 novimus
1344 1690 1471 1738 simul
1493 1707 1661 1746 tamen,
1698 1690 1944 1751 catalogum
1976 1689 2103 1750 longe
2131 1689 2349 1750 operosio-

130 1786 228 1816 rem
248 1768 379 1815 condi
397 1763 862 1828 posseidiotismorum
880 1760 1033 1807 nostrae
1047 1761 1218 1819 linguae,
1233 1757 1601 1818 quiOstrogothis
1615 1756 1847 1803 nobiscum
1860 1755 1960 1802 solis
1981 1772 2237 1802 communes
2256 1755 2350 1805 smr.

131 1836 216 1883 Sed
234 1836 300 1885 uti
321 1834 413 1879 haec
433 1848 500 1878 res
521 1831 662 1876 maius
684 1828 723 1874 ὅ(
746 1829 961 1887 temporis
979 1827 1021 1873 ὅ(
1040 1826 1194 1871 chartae
1217 1821 1408 1884 spatium
1428 1824 1632 1881 requirit,
1670 1839 1805 1881 quam
1827 1822 1951 1880 quod
1979 1838 2059 1867 nos
2088 1822 2191 1867 huic
2211 1820 2351 1868 obser·

130 1900 388 1948 vatiuneulae
410 1895 732 1950 destinavimus,
755 1894 972 1941 mittimus
996 1892 1088 1938 haec
1108 1888 1332 1950 tantisper.
1401 1892 1475 1935 Ne
1497 1903 1642 1934 autem
1662 1887 1789 1949 plane
1810 1888 1922 1933 nihil
1945 1886 2092 1932 dixisse
2111 1887 2350 1947 videamur,

131 1967 334 2015 celeberr.
358 1960 658 2015 Waclzterum
679 1957 902 2005 observare
921 1958 1129 2016 velimus,
1165 1958 1209 2001 in
1229 1956 1329 2013 illo,
1364 1971 1497 2014 quem
1519 1954 1663 2010 dedit,
1697 1953 1739 2000 ὃ(
1759 1971 1807 1999 ex
1832 1970 1885 2000 eo
1911 1953 2158 2009 attulimus,
2193 1954 2350 2000 catalo-

131 2050 189 2095 go
211 2047 374 2079 vocum
394 2029 719 2093 Scythicarum,
754 2041 868 2090 quas
891 2024 956 2072 ad
975 2023 1302 2072 Germanicam
1329 2021 1455 2069 nulla
1478 2031 1580 2068 arte
1609 2017 1780 2083 referri
1802 2017 1940 2083 poffie,
1974 2017 2157 2080 ipsemet
2176 2018 2351 2067 confite·

130 2115 225 2157 tur,
259 2097 381 2144 haud
401 2112 541 2158 pauca
565 2093 752 2155 genuina
772 2093 879 2137 Suio
908 2091 1083 2137 Gothiae
1111 2088 1319 2135 vocabula
1348 2085 1440 2138 effe,
1498 2087 1702 2147 Exempli
1722 2087 1819 2133 loco
1840 2083 2061 2145 sequentia
2080 2083 2220 2136 sunto.
2264 2087 2353 2135 Bi-

126 2170 259 2232 gitan
273 2203 283 2222 ‚
318 2163 514 2212 invenire
529 2197 541 2218 ‚
575 2157 798 2206 Islandum
815 2161 957 2222 gia’ta
984 2154 1066 2213 est,
1101 2154 1223 2214 quod
1242 2156 1354 2200 inter
1374 2153 1456 2200 alia
1475 2156 1672 2201 invenire
1692 2167 1836 2205 notat,
1873 2166 1922 2198 ut
1949 2153 1994 2197 in
2016 2155 2202 2199 Havam.
2222 2154 2288 2201 vil
2303 2166 2352 2203 tu

131 2229 192 2297 af
202 2235 278 2285 vin
300 2228 478 2278 tlzinum
492 2237 592 2293 gott
606 2230 775 2292 giaeta,
808 2223 839 2271 fi
859 2225 924 2270 vis
947 2223 1069 2282 quod
1086 2221 1256 2268 bonum
1277 2219 1337 2266 est
1367 2219 1421 2266 ab
1449 2220 1592 2266 amico
1620 2235 1699 2265 tuo
1728 2219 1940 2265 invenire:
1977 2218 2077 2264 inde
2101 2222 2352 2284 torgioetin‚

132 2301 312 2346 inventu
331 2292 543 2343 difficilis:
577 2289 618 2340 ν’.
640 2287 878 2339 Heimskr.
911 2292 1015 2339 T.1.
1034 2306 1078 2349 p.
1100 2296 1216 2347 448.
1250 2287 1440 2342 Inilom·‚
1463 2282 1699 2342 excusatio,
1734 2300 1883 2332 ortum
1903 2282 1961 2330 est
1981 2284 2035 2330 ab
2053 2284 2110 2332 ill
2125 2283 2351 2346 accusatio,

133 2364 256 2427 quod
273 2363 327 2411 ab
347 2361 453 2417 illa,
486 2360 610 2406 litem
630 2360 863 2414 intentare,
896 2352 1108 2403 accusare.
1142 2371 1185 2402 v.
1206 2352 1371 2414 Westg.
1391 2356 1440 2401 L.
1462 2348 1580 2399 Kirk.
1604 2355 1651 2399 B.
1680 2367 1718 2402 c,
1743 2360 1785 2406 8.
1818 2351 1901 2400 illa
1925 2349 2092 2398 bbna'er
2111 2361 2159 2397 at
2177 2349 2350 2410 bonvm,

132 2431 164 2479 fi
186 2447 291 2478 eum
315 2425 509 2476 accusent
529 2425 693 2474 coloni.
722 2419 802 2473 cfr.
822 2421 948 2483 Jord.
968 2424 1071 2470 ch,
1095 2436 1140 2468 2.
1207 2420 1490 2466 Praemittitur
1510 2421 1556 2465 in
1574 2417 1642 2463 vel
1666 2414 1775 2465 inuh
1803 2417 2015 2477 particula
2035 2418 2252 2476 negativa,
2286 2437 2353 2467 re„

131 2496 350 2560 spondens
368 2495 503 2541 latino
507 2493 633 2558 stne,
667 2488 857 2554 absque:
891 2502 940 2534 ut
968 2487 1076 2534 adeo
1099 2485 1264 2535 inilons
1293 2485 1340 2532 sit
1362 2482 1475 2530 ustio
1503 2483 1690 2529 alterum
1718 2482 1878 2542 absque
1907 2480 2173 2529 accusatione
2198 2482 2353 2544 fistens,

131 2565 221 2612 hoc
240 2561 298 2609 est
319 2557 534 2609 excusans,
605 2555 819 2613 Saudim‚
855 2552 1081 2609 sacrificia,
1115 2553 1373 2600 Suethicum
1402 2548 1460 2596 est
1485 2551 1531 2594 in
1560 2546 1681 2595 sensu
1711 2550 1922 2610 proprio,
1957 2566 2048 2608 quo
2062 2564 2198 2614 pecus
2217 2567 2353 2609 notat,

133 2631 178 2678 ἃ
198 2631 244 2676 31¹
263 2626 404 2690 specie
423 2641 544 2674 ove-s·
577 2640 617 2671 V·
638 2622 794 2677 Wrel.
824 2621 866 2668 &
887 2619 1192 2669 Gudmundus
1212 2618 1412 2668 Andreae
1439 2618 1482 2661 in
1513 2614 1592 2664 lex.
1613 2615 1852 2664 Islandicis.
1909 2614 2352 2667 Deindertradustum

136 2695 196 2742 est
214 2694 269 2742 ad
288 2690 516 2746 sacrificia,
549 2706 744 2751 quorum
764 2689 837 2734 illa
856 2688 1033 2733 materia
1054 2682 1187 2735 fuere.
1256 2684 1484 2749 Usfilmei,
1517 2679 1697 2743 stupor,
1732 2681 1998 2727 Islandicum
2030 2679 2109 2739 est,
2130 2679 2248 2744 fhlm
2266 2682 2350 2731 stu·

136 2778 297 2823 potem
315 2759 379 2807 ibi
398 2772 541 2814 notat,
564 2753 733 2819 felmtr
754 2755 816 2802 id.
839 2751 1154 2816 felmsfullur,
1189 2750 1410 2813 stupiduS,
1432 2741 1630 2810 felmtra
1656 2746 1842 2809 stupere.
1917 2748 2129 2806 Wzluns,
2158 2749 2350 2807 baculos,

137 2829 246 2873 Suio
267 2825 513 2873 Gothicum
530 2821 793 2870 vocabulum
816 2821 859 2868 <Sc
881 2820 1012 2881 pleno
1031 2816 1112 2865 usu
1135 2817 1280 2864 adhuc
1302 2818 1472 2876 vigens:
1507 2813 1621 2861 unde
1652 2812 1853 2863 bandval
1879 2813 2114 2872 tribulum,
2148 2831 2238 2874 quo
2257 2811 2349 2860 fru-

140 2905 286 2941 menta
304 2892 592 2945 excutiuntur.
626 2905 667 2939 v.
685 2887 842 2946 Verel.
863 2885 956 2935 Ind.
979 2887 1025 2933 in
1045 2885 1136 2939 val.
1158 2881 1425 2940 Naitlzeins,
1455 2878 1748 2944 blasphemia,
1783 2879 1972 2944 Gotliice
2005 2879 2103 2938 nid,
2137 2881 2255 2994 und}
2280 2883 2346 2928 m·-

2252 2947 2350 2998 ord.
