2473 3380
147 157 209 213 ff
849 135 1641 192 EVANGELIUM

152 274 231 308 11.
263 248 402 304 warth
427 249 535 301 *than
550 251 688 300 imma
713 249 760 298 in
768 250 925 320 fiunai
945 250 980 299 d
986 252 1005 311 )
1037 249 1206 312 aggilus
1283 264 1362 300 11.
1394 251 1500 297 Fuit
1525 263 1673 297 autem
1700 245 1765 295 illi
1787 246 1834 296 in
1864 243 2024 296 visione
2052 244 2228 310 angelus
2247 244 2337 295 Do⁴

212 321 376 371 fanins.
1346 317 1475 364 mini,

152 406 229 452 15.
260 383 581 446 nauhtlzan.¹e)
626 384 699 434 St·
721 382 959 432 nauktham
1289 397 1367 441 15.
1401 381 1582 429 Adhuc.

151 470 230 517 17·
263 459 312 503 ²⁴⁷²
329 450 515 518 frodein
535 449 603 514 f)
637 450 910 510 garaihtaize·
1286 462 1364 510 17.
1396 448 1464 494 Ad
1492 445 1744 507 sapientiam
1770 445 2003 494 iustorum.

147 536 227 584 23.
258 520 331 584 jah
359 517 495 564 warth
521 517 567 562 bi
596 516 669 560 the
703 511 1044 562 usfullnodedun
1070 509 1208 580 dagis
1283 529 1362 577 23.
1396 516 1453 559 Et
1472 510 1640 559 fastum
1660 511 1739 569 est,
1772 511 2002 574 postquam
2022 510 2195 574 impleti
2214 508 2344 559 essent

214 582 478 635 andbahtei-s
503 582 560 645 g)
602 582 652 626 53·
1351 580 1442 625 dies
1469 575 1697 624 ministerii
1724 579 1828 625 eius.

147 667 230 714 24.
264 647 357 696 afar
390 645 576 696 uhtlzan.
605 643 653 704 b)
691 644 939 696 Stsuhtan.
1284 660 1366 707 24,
1395 643 1495 691 Post
1531 657 1690 694 autem,

145 719 206 767 ib.
233 717 310 781 jah
340 710 596 776 galaugnida
615 709 678 759 fik
705 709 901 761 menotlzs
919 712 957 773 i)
990 708 1104 763 fimf.
1285 712 1345 759 ib.
1380 714 1437 758 Et
1474 709 1642 760 abdidit
1668 706 1709 756 se
1737 707 1903 757 menses
1922 711 2145 771 quinque.

2263 785 2347 834 25,

197 910 249 964 d)
274 912 318 950 B.
342 910 378 948 &
402 907 500 948 Cod.
521 915 719 958 argenteus
738 907 801 945 ita.
820 906 856 958 J.
876 905 910 944 ὃ(
928 906 984 947 St.
1009 902 1177 955 insama,
1208 901 1333 955 quod,
1359 902 1388 942 fi
1411 904 1560 955 regulas
1591 902 1890 943 declinationum
1914 901 2101 950 observes,
2129 903 2343 942 incommo-

253 963 352 1002 dum
371 961 423 1001 est
431 976 443 1009 3
468 957 761 1011 namque-finus,
789 961 880 997 Luc.
901 969 937 1005 9,
955 969 1016 1007 29.
1034 957 1172 996 format
1199 957 1320 1007 genit⁹
1337 954 1492 1006 fiimais,
1526 956 1638 996 dativ.
1655 954 1791 1007 ῥιπαὶ,
1823 955 1910 1008 Joh.
1932 967 1967 1003 7,
1987 968 2047 1003 24.
2075 954 2231 997 accusat.
2249 953 2345 1006 stan,

251 1017 345 1055 Luc.
370 1027 407 1063 4,
430 1024 474 1063 19
508 1014 542 1051 ὅ(
562 1011 673 1051 ablat.
698 1024 815 1062 quem
834 1009 994 1060 postulat
1014 1011 1061 1056 in,
1088 1009 1214 1054 dativo
1234 1008 1405 1050 fimilem.
1426 1011 1515 1047 Luc
1533 1021 1566 1056 ς,
1590 1023 1648 1046 22.
1705 1011 1946 1048 Annotamus
1964 1018 2136 1060 praeterea
2158 1008 2345 1060 triplicem

253 1066 370 1106 huius
388 1065 561 1104 vocabuli
579 1061 726 1102 sensum
751 1063 854 1114 apud
872 1062 1084 1114 Ulphilam:
1113 1060 1297 1113 fignificat
1335 1062 1371 1110 1)
1391 1059 1588 1108 'forrato-Im,
1615 1061 1682 1112 qui
1700 1060 1816 1099 huius
1834 1060 1885 1100 est
1905 1062 1997 1108 loci,
2035 1062 2070 1099 ὃ(
2096 1059 2193 1099 infra
2219 1074 2264 1099 v.·
2280 1068 2348 1099 22.

242 1117 328 1171 fian
340 1117 472 1171 gafiquz
490 1119 527 1154 in
545 1116 624 1164 alle,
652 1115 834 1155 visionem
855 1116 951 1155 vidit
967 1116 1007 1153 in
1026 1116 1188 1166 templo:
1216 1113 1320 1152 unde
1338 1112 1561 1152 nostratibus
1587 1113 1749 1154 formula
1766 1114 1828 1152 illa
1853 1112 2058 1164 loquendi,
2095 1126 2186 1151 vara
2210 1114 2223 1150 i
2236 1111 2347 1163 syrte,

254 1172 296 1211 id
318 1170 422 1222 quod
439 1169 648 1208 naturalem
666 1168 860 1220 quandam
877 1167 1031 1207 videndi
1050 1166 1267 1207 facultatem
1291 1180 1371 1206 non
1400 1165 1589 1218 defignat3
1624 1165 1687 1205 sed
1719 1166 1765 1205 de
1790 1168 1834 1206 iis
1862 1166 2079 1218 usurpatur,
2123 1165 2264 1216 quibus
2287 1165 2348 1203 vel

253 1223 409 1270 somno,
436 1223 494 1261 vel
519 1221 607 1266 alia,
633 1219 755 1260 nescio
774 1234 868 1271 qua,
894 1222 1057 1265 ratione,
1086 1222 1190 1257 mirae
1207 1233 1334 1257 rerum
1354 1220 1559 1270 imagines,
1587 1217 1802 1270 speciesque
1827 1220 1885 1257 vel
1911 1217 2112 1270 spirituum
2136 1218 2196 1256 vel
2220 1217 2346 1257 homi-

255 1289 355 1317 num
371 1286 614 1314 mortuorum
632 1275 691 1311 &c
719 1273 853 1323 paffim
872 1274 906 1310 ἅ
924 1273 970 1310 ab
989 1271 1140 1309 inficeta
1157 1271 1266 1321 plebe
1296 1271 1424 1308 offerri
1449 1271 1665 1310 creduntur.
1724 1275 1766 1320 2)
1792 1269 1834 1307 τὲ
1858 1271 2018 1318 βλέπειν,
2065 1272 2162 1309 Luc.
2192 1281 2253 1317 27,
2284 1281 2348 1312 π.

255 1328 419 1368 blindaim
435 1327 631 1377 managaim
636 1323 786 1376 fragaf
781 1321 882 1374 fian,
910 1324 1041 1362 multis
1069 1324 1184 1363 caecis
1208 1322 1376 1362 reddidit
1398 1320 1535 1360 visum.
1597 1321 1736 1360 Island.
1752 1320 1852 1371 fi'on,
1900 1323 2019 1363 idem.
2081 1321 2227 1362 Vilkin.
2258 1323 2348 1373 Sag.

254 1394 296 1433 p.
314 1391 376 1429 47.
398 1377 522 1429 atfion
540 1391 576 1415 oc
594 1375 747 1428 atfhgn,
778 1376 1083 1428 visuflrelatuquei
1114 1375 1232 1414 Sucth
1251 1374 1347 1425 syn,
1384 1374 1487 1413 unde
1504 1373 1622 1425 syna,
1655 1372 1826 1420 lustrare,
1853 1371 1989 1424 fynus,
2027 1387 2218 1426 apparere,
2252 1373 2347 1424 cffyn,

256 1431 496 1484 conspeftus,
523 1427 726 1480 adspestus.
786 1429 828 1475 3)
853 1426 942 1467 &aas
961 1429 1006 1464 τῦ
1032 1423 1201 1478 vrgao-alors
1234 1429 1296 1463 καὶ
1323 1423 1510 1475 σώματος,
1545 1428 1637 1463 Luc.
1668 1436 1704 1475 9,
1734 1436 1795 1475 29.
1827 1437 1860 1471 3,
1881 1440 1945 1468 22.
2008 1427 2172 1477 Utrique
2197 1427 2351 1466 notioni

257 1485 437 1525 convenit
454 1481 625 1521 nostrum
632 1479 726 1532 syn,
754 1479 886 1528 facies,
922 1482 1017 1519 item
1034 1481 1180 1525 vultus,
1211 1478 1315 1529 quod
1338 1477 1394 1520 M.
1415 1477 1552 1516 Gothis
1572 1479 1657 1516 alias
1674 1476 1810 1515 dicitur
1829 1475 1937 1523 wlits,
1962 1477 2170 1525 andawleiz,
2205 1491 2283 1529 quo
2302 1479 2352 1518 de

258 1537 322 1576 cfr.
343 1537 495 1588 specim.
514 1532 633 1572 Gloss‘.
650 1531 781 1584 Ulphil
811 1534 874 1572 111.
893 1547 933 1583 p.
953 1532 977 1569 6
983 1547 1019 1574 2.
1074 1533 1135 1570 Sic
1151 1531 1329 1570 nostrates
1349 1530 1484 1570 dicunt
1506 1543 1541 1569 v.
1561 1543 1623 1581 gr.
1640 1527 1803 1579 lzanslcir
1822 1530 1892 1581 mig
1908 1531 1921 1566 i
1937 1528 2077 1580 syneri,
2111 1531 2274 1581 percutit
2299 1530 2351 1569 fa-

257 1591 378 1628 ciem:
408 1587 513 1626 unde
529 1599 641 1638 porro
660 1585 844 1623 habemus
862 1582 1021 1636 uppsyn,
1051 1583 1172 1630 frons,
1199 1581 1302 1624 Gall.
1319 1583 1605 1644 physionorniet
1628 1580 1796 1672 fiitgyn,
1832 1583 2057 1627 reverentia,
2090 1582 2188 1624 Gall.
2217 1581 2353 1634 egard.

245 1640 401 1693 farsba,
429 1639 567 1691 species
587 1638 763 1690 corporis.
818 1639 1004 1691 Konung.
1026 1636 1078 1676 ok
1093 1635 1209 1676 Hasd,
1233 1637 1380 1690 Styrils.
1398 1649 1436 1688 p.
1460 1646 1523 1687 91.
1541 1635 1660 1694 sagra
1677 1647 1695 1672 o
1747 1634 1844 1674 vitra
1860 1632 2013 1687 siit-fia,
2046 1633 2191 1674 nitidus
2220 1648 2264 1676 ac
2289 1635 2353 1676 de·

257 1706 348 1734 cens
385 1694 522 1732 cultus,
1276 1691 1279 1697 '
1400 1691 1403 1694 “

208 1768 242 1818 e)
268 1769 340 1808 Pro
360 1765 540 1805 nauhtlzan
557 1766 698 1818 legitur
717 1766 806 1808 alibi
827 1766 921 1806 nauh
942 1768 976 1806 8<
996 1765 1241 1809 naulnlmnuh.
1264 1765 1352 1819 Joh.
1371 1776 1416 1813 7,
1449 1777 1508 1813 33.
1538 1770 1556 1808 8
1572 1792 1582 1812 ,
1612 1776 1675 1803 20.
1702 1773 1830 1803 unum
1847 1773 1936 1801 vero
1956 1760 2136 1814 idemque
2153 1759 2300 1802 sonant.

197 1839 257 1892 f)
284 1841 318 1891 J.
346 1840 380 1877 8<
400 1840 451 1878 St.
473 1838 609 1888 legunt
634 1837 681 1876 du
700 1837 857 1886 frodein.
913 1841 952 1877 B.
975 1852 1022 1877 ex
1041 1838 1171 1877 codice
1197 1838 1314 1889 probe
1340 1835 1528 1876 substituit
1553 1836 1607 1881 in,
1638 1833 1845 1885 docetque,
1872 1830 1969 1870 nihil
1997 1830 2158 1880 obstare,
2185 1847 2263 1885 quo
2281 1835 2352 1874 mi-

263 1905 337 1932 nus
355 1888 669 1942 fignificationem
687 1892 734 1927 τέ
759 1892 803 1930 {cc
825 1890 894 1930 five
921 1887 1002 1941 πςός
1025 1892 1079 1930 illi
1104 1891 1327 1930 tribuamus.
1385 1903 1419 1929 v.
1436 1888 1605 1928 Edition.
1623 1885 1755 1924 Βουτοῖ.
1778 1899 1816 1937 p.
1841 1895 1924 1931 150.
1952 1884 1993 1921 in
2016 1886 2128 1924 notis.

203 1964 253 2018 g)
281 1962 501 2002 Lefflonern
525 1962 664 2001 codicis
683 1960 794 2000 Mser.
822 1961 1048 2008 adferimus5
1076 1975 1161 2001 eam
1186 1975 1274 2000 vero
1292 1969 1336 1998 ut
1351 1960 1493 2010 regulis
1520 1957 1575 1996 sui
1595 1955 1705 2007 ipfius
1731 1956 1955 1994 contrariam
1982 1954 2257 2006 improbamus.
2311 1957 2355 2009 J.

265 2016 301 2054 3<
320 2017 372 2054 St.
398 2014 665 2065 usfullnodedun
691 2013 794 2066 dagos
819 2012 1014 2050 andbahteis
1040 2018 1080 2051 is.
1135 2015 1180 2054 Β.
1199 2011 1464 2063 usfhllnodedm
1494 2009 1598 2062 dagos
1622 2006 1842 2046 andbahtans
1866 2009 1906 2045 is.
1963 2008 2209 2046 Conveniunt
2226 2009 2354 2061 itaque

263 2067 386 2105 ambae
410 2066 588 2104 leuiones
606 2067 647 2104 in
665 2066 878 2103 mutatione
899 2064 944 2100 τὲ
961 2063 1078 2116 dagis,
1105 2065 1130 2104 i,
1151 2078 1171 2102 e
1203 2065 1361 2115 genitiv.
1381 2062 1514 2112 singul.
1533 2074 1566 2099 v.
1583 2064 1699 2098 Marc.
1728 2060 1794 2105 16,
1826 2073 1857 2097 2.
1891 2061 1983 2099 Luc.
2010 2074 2027 2096 2
2042 2087 2052 2106 ,
2083 2071 2149 2107 44.
2177 2061 2216 2097 in
2238 2061 2354 2113 dagos,

267 2120 297 2158 i.
317 2131 349 2158 e,
367 2118 553 2156 nominat.
586 2118 673 2158 vlur.
695 2129 811 2167 quem
829 2115 989 2155 verbum
1018 2127 1048 2160 3.
1069 2116 1155 2166 plur
1186 2113 1452 2166 usfttllnodedmz
1468 2112 1647 2164 postulat:
1677 2113 1710 2149 ὅ(
1736 2110 1786 2150 fic
1809 2110 1908 2151 infra
1918 2113 2062 2156 Luc02,
2089 2110 2125 2150 6.
2151 2111 2357 2162 usfizllnode-

266 2168 339 2208 dun
366 2169 469 2221 dagos
496 2168 544 2206 du
568 2132 693 2206 {iniran
723 2170 812 2214 izai,
842 2169 989 2219 impleti
1010 2169 1044 2206 ei
1062 2167 1149 2206 sunt
1175 2168 1252 2206 dies
1277 2161 1458 2218 pariendi.
1513 2164 1577 2203 cfr.
1604 2163 1695 2202 ibid.
1719 2177 1755 2201 v.
1775 2176 1815 2200 21
1832 2191 1842 2209 ,
1872 2177 1932 2200 22.
1986 2162 2204 2212 Discrepant
2226 2157 2355 2204 autem

267 2221 452 2261 vocabulo
479 2219 667 2271 sequenti,
705 2220 829 2271 quod,
856 2231 989 2258 utrum
1016 2218 1212 2257 andbahteis
1239 2232 1286 2257 an
1313 2216 1533 2255 andbahtans
1558 2215 1601 2253 fit
1626 2214 1855 2265 legendum,
1892 2214 1950 2252 vel
1978 2214 2063 2253 ideo
2087 2215 2264 2255 incertius
2290 2216 2354 2265 est,

268 2273 375 2324 quod
395 2273 421 2310 h
454 2273 475 2309 l.
494 2283 646 2311 tantum
672 2273 849 2312 occurrit.
871 2285 943 2310 rev,
963 2274 1008 2312 Β.
1026 2270 1103 2310 fine
1129 2271 1271 2310 adieeta
1298 2271 1443 2308 ratione
1471 2267 1585 2307 habet
1609 2266 1848 2312 andbalzteins,
1876 2266 2093 2317 lineamque
2113 2267 2357 2309 transversam

267 2326 404 2377 superi
423 2323 628 2370 evanuisse,
655 2323 843 2375 supponit.
897 2337 932 2362 v»
954 2326 1106 2374 Nuper.
1125 2323 1214 2362 edit.
1232 2337 1267 2373 p.
1284 2333 1369 2367 151.
1426 2321 1503 2358 Cui
1518 2319 1670 2357 leffioni
1695 2329 1764 2356 nos
1782 2318 1956 2356 lubenter
1982 2317 2266 2368 subscribimus,
2295 2331 2355 2361 ut-

269 2388 360 2430 pote
378 2389 462 2428 quae
483 2377 655 2426 analogia
672 2377 884 2415 flexionum
903 2377 994 2420 niti,
1022 2375 1190 2413 videtur:
1219 2374 1269 2412 {ic
1286 2373 1391 2411 enim
1407 2371 1593 2410 habemus
1610 2370 1706 2408 infra
1727 2383 1748 2406 c
1786 2381 1844 2415 10,
1874 2381 1936 2417 54.
1966 2371 2212 2419 armahairtei,
2240 2386 2356 2412 arma-

269 2431 446 2468 hairteins.
492 2431 589 2469 Luc,
617 2439 661 2473 7,
693 2439 752 2472 τις.
782 2442 800 2464 2
814 2455 824 2474 ‚
855 2440 918 2472 40.
962 2425 1152 2477 handugei,
1181 2424 1403 2476 handugeins.
1459 2425 1550 2461 Luc.
1670 2432 1703 2466 3.
1756 2420 1847 2472 Joh.
1865 2432 1909 2469 7,
1943 2433 2003 2466 31.
2036 2425 2210 2475 managei„
2236 2438 2356 2464 mana-

267 2483 389 2534 geins.
416 2482 485 2519 Sec.
529 2490 565 2519 at
590 2492 615 2516 n
640 2478 735 2520 illud
769 2479 950 2517 omiss'um
976 2479 1016 2515 in
1041 2476 1239 2514 andbahteis
1274 2489 1354 2514 non
1380 2474 1571 2522 vetustati,
1623 2472 1670 2513 ed
1695 2472 1931 2513 amanuensis
1956 2474 2108 2513 incuriae
2138 2476 2354 2519 tribuimus.

273 2531 405 2573 Confr.
422 2532 514 2571 Diss.
534 2531 580 2571 de
596 2530 820 2571 nominibus
835 2529 1000 2581 Moesog.
1021 2527 1169 2567 schema
1184 2530 1324 2567 XXIV.
1347 2537 1431 2569 not.
1449 2539 1486 2575 4.

220 2605 262 2656 h)
290 2603 372 2646 Cfr.
390 2603 486 2653 Jun.
505 2600 621 2642 Gloss.
641 2600 758 2642 Goth.
775 2614 814 2652 p.
827 2607 916 2646 380,
937 2599 971 2637 &
989 2597 1128 2638 nostras
1154 2596 1334 2640 observat,
1353 2597 1400 2636 ad
1417 2598 1535 2636 Marc.
1561 2595 1628 2644 16,
1660 2607 1719 2636 12.
1749 2598 1791 2639 P.
1810 2593 1874 2637 Pr,
1901 2610 1937 2647 p.
1950 2603 2012 2640 58.

222 2678 255 2728 i)
286 2676 390 2716 Editi
414 2675 550 2727 legunt
566 2673 759 2717 srazeffzath53
803 2671 1004 2710 lcffionem
1028 2683 1116 2709 vero
1142 2669 1281 2708 codicis
1308 2666 1406 2709 Msc.
1432 2667 1659 2708 confirmant
1687 2669 1757 2706 alia
1781 2668 1880 2714 loca,
1905 2667 1953 2705 fic
1971 2666 2094 2717 {infi·a,
2124 2667 2259 2708 eodem
2283 2671 2355 2712 hoc

277 2730 397 2781 capite
415 2741 451 2767 v.
474 2727 539 2769 26.
562 2729 599 2765 in
619 2725 754 2764 monath
760 2722 925 2774 fizil1st1'u,
953 2724 994 2762 in
1013 2721 1139 2761 mense
1157 2720 1270 2760 sexto.
1289 2735 1322 2761 v.
1338 2721 1398 2769 56.
1432 2721 1512 2772 swe
1527 2720 1679 2759 meuotlzs
1698 2721 1831 2767 tlzrins,
1862 2719 1964 2771 quasi
1981 2719 2124 2759 menies
2141 2730 2224 2768 tres,
2236 2735 2272 2769 4,
2291 2736 2355 2772 25,

277 2778 554 2831 menothsfixihs,
578 2776 723 2817 menses
749 2777 822 2815 sex.
875 2778 933 2814 De
949 2777 1049 2814 vocis
1067 2775 1294 2826 cognatione
1312 2787 1346 2812 v.
1366 2773 1460 2822 Jun.
1481 2771 1592 2812 Gloff
1612 2787 1637 2824 p
1662 2783 1752 2820 253.
1778 2771 1902 2812 Refer.
1922 2771 1970 2811 ad
1986 2773 2204 2819 mena,luna,
2230 2776 2353 2818 Marc.

283 2843 351 2878 13,
380 2844 444 2879 24.
501 2831 628 2870 Sueth.
646 2829 762 2876 mane,
790 2828 921 2867 eadem
945 2829 1109 2874 ratione,
1138 2839 1180 2865 ac
1208 2828 1419 2878 graecorum
1443 2822 1528 2873 puin,
1556 2824 1712 2873 menfis‚
1741 2824 1928 2865 derivatur
1952 2837 1972 2863 a
1995 2819 2102 2871 μόνη,
2125 2826 2216 2864 Dor.
2242 2825 2353 2875 μαίνει,

280 2883 392 2927 luna3
418 2881 469 2921 est
484 2885 623 2935 quippe
641 2878 757 2932 menfi's
773 2880 870 2919 nihil
889 2881 1012 2927 aliud,
1040 2891 1157 2931 quam
1183 2877 1354 2917 mensura
1379 2880 1507 2917 circuli
1526 2878 1675 2918 lunaris.
1727 2880 1787 2919 De
1809 2877 2071 2917 terminatione
2097 2877 2270 2918 vocabuli
2291 2893 2354 2920 au·

282 2935 445 2974 diendus
470 2934 522 2973 est
543 2934 688 2976 Wacht.
711 2932 823 2974 Glois.
843 2933 976 2978 Germ.
998 2934 1096 2973 inter
1121 2929 1335 2984 prolegom.
1358 2932 1454 2972 Se&
1470 2932 1536 2971 VI.
