<?xml version="1.0" encoding="UTF-8"?>
<!DOCTYPE html PUBLIC "-//W3C//DTD XHTML 1.0 Transitional//EN"
    "http://www.w3.org/TR/xhtml1/DTD/xhtml1-transitional.dtd">
<html xmlns="http://www.w3.org/1999/xhtml" xml:lang="en" lang="en">
 <head>
  <title>
</title>
<meta http-equiv="Content-Type" content="text/html;charset=utf-8" />
  <meta name='ocr-system' content='tesseract 3.04.00' />
  <meta name='ocr-capabilities' content='ocr_page ocr_carea ocr_par ocr_line ocrx_word'/>
</head>
<body>
  <div class='ocr_page' id='page_1' title='image "./johannisabihresc00ihre_0117.png"; bbox 0 0 2473 3380; ppageno 0'>
   <div class='ocr_carea' id='block_1_1' title="bbox 749 132 2314 210">
    <p class='ocr_par' dir='ltr' id='par_1_1' title="bbox 749 132 2314 210">
     <span class='ocr_line' id='line_1_1' title="bbox 749 132 2314 210; baseline 0.004 -18"><span class='ocrx_word' id='word_1_1' title='bbox 749 139 1685 199; x_wconf 70' lang='lat' dir='ltr'>ANNoTATIONEs</span> <span class='ocrx_word' id='word_1_2' title='bbox 1804 132 1810 138; x_wconf 82' lang='grc'><strong>’</strong></span> <span class='ocrx_word' id='word_1_3' title='bbox 2220 163 2314 210; x_wconf 54' lang='grc' dir='ltr'>ιω</span> 
     </span>
    </p>
   </div>
   <div class='ocr_carea' id='block_1_2' title="bbox 72 249 2318 3026">
    <p class='ocr_par' dir='ltr' id='par_1_2' title="bbox 72 249 2318 2180">
     <span class='ocr_line' id='line_1_2' title="bbox 283 249 2314 322; baseline 0.001 -16"><span class='ocrx_word' id='word_1_4' title='bbox 283 259 330 317; x_wconf 78' lang='lat' dir='ltr'>i)</span> <span class='ocrx_word' id='word_1_5' title='bbox 369 249 633 317; x_wconf 76' lang='lat' dir='ltr'>Blotinaffu‚</span> <span class='ocrx_word' id='word_1_6' title='bbox 667 254 846 303; x_wconf 88' lang='lat' dir='ltr'>cultum.</span> <span class='ocrx_word' id='word_1_7' title='bbox 917 257 1119 304; x_wconf 91' lang='lat' dir='ltr'>Occurrit</span> <span class='ocrx_word' id='word_1_8' title='bbox 1136 258 1255 304; x_wconf 84' lang='lat' dir='ltr'>radix</span> <span class='ocrx_word' id='word_1_9' title='bbox 1278 256 1429 307; x_wconf 81' lang='lat' dir='ltr'>blotan</span> <span class='ocrx_word' id='word_1_10' title='bbox 1460 277 1546 306; x_wconf 92' lang='lat' dir='ltr'>non</span> <span class='ocrx_word' id='word_1_11' title='bbox 1577 276 1669 305; x_wconf 89' lang='lat' dir='ltr'>uno</span> <span class='ocrx_word' id='word_1_12' title='bbox 1700 257 1799 305; x_wconf 91' lang='lat' dir='ltr'>loco</span> <span class='ocrx_word' id='word_1_13' title='bbox 1829 257 1873 304; x_wconf 89' lang='lat' dir='ltr'>in</span> <span class='ocrx_word' id='word_1_14' title='bbox 1897 257 2061 305; x_wconf 85' lang='lat' dir='ltr'>Codice</span> <span class='ocrx_word' id='word_1_15' title='bbox 2081 263 2314 322; x_wconf 84' lang='lat' dir='ltr'>Argenteo,</span> 
     </span>
     <span class='ocr_line' id='line_1_3' title="bbox 112 321 2312 385; baseline 0.002 -14"><span class='ocrx_word' id='word_1_16' title='bbox 112 324 397 384; x_wconf 85' lang='lat' dir='ltr'>denotatque,</span> <span class='ocrx_word' id='word_1_17' title='bbox 434 322 570 369; x_wconf 90' lang='lat' dir='ltr'>cultui</span> <span class='ocrx_word' id='word_1_18' title='bbox 589 321 739 369; x_wconf 88' lang='lat' dir='ltr'>divino</span> <span class='ocrx_word' id='word_1_19' title='bbox 759 340 918 371; x_wconf 85' lang='lat' dir='ltr'>vacare.</span> <span class='ocrx_word' id='word_1_20' title='bbox 978 327 1179 371; x_wconf 87' lang='lat' dir='ltr'>Utuntur</span> <span class='ocrx_word' id='word_1_21' title='bbox 1205 326 1354 371; x_wconf 86' lang='lat' dir='ltr'>eadem</span> <span class='ocrx_word' id='word_1_22' title='bbox 1385 328 1514 372; x_wconf 86' lang='lat' dir='ltr'>etiam</span> <span class='ocrx_word' id='word_1_23' title='bbox 1544 324 1714 372; x_wconf 69' lang='lat' dir='ltr'>dialeffi</span> <span class='ocrx_word' id='word_1_24' title='bbox 1743 341 1932 385; x_wconf 78' lang='lat' dir='ltr'>cognatae</span> <span class='ocrx_word' id='word_1_25' title='bbox 1955 341 2138 382; x_wconf 81' lang='lat' dir='ltr'>veteres,</span> <span class='ocrx_word' id='word_1_26' title='bbox 2174 330 2231 374; x_wconf 79' lang='lat' dir='ltr'>ita</span> <span class='ocrx_word' id='word_1_27' title='bbox 2250 343 2312 375; x_wconf 88' lang='lat' dir='ltr'>ta-</span> 
     </span>
     <span class='ocr_line' id='line_1_4' title="bbox 110 387 2313 451; baseline 0.003 -15"><span class='ocrx_word' id='word_1_28' title='bbox 110 406 212 437; x_wconf 87' lang='lat' dir='ltr'>men</span> <span class='ocrx_word' id='word_1_29' title='bbox 234 407 283 436; x_wconf 91' lang='lat' dir='ltr'>ut</span> <span class='ocrx_word' id='word_1_30' title='bbox 300 391 482 451; x_wconf 85' lang='lat' dir='ltr'>proprie</span> <span class='ocrx_word' id='word_1_31' title='bbox 504 390 549 433; x_wconf 89' lang='lat' dir='ltr'>in</span> <span class='ocrx_word' id='word_1_32' title='bbox 573 387 657 433; x_wconf 89' lang='lat' dir='ltr'>illis</span> <span class='ocrx_word' id='word_1_33' title='bbox 679 387 853 435; x_wconf 76' lang='lat' dir='ltr'>denotet</span> <span class='ocrx_word' id='word_1_34' title='bbox 871 387 1120 438; x_wconf 79' lang='lat' dir='ltr'>sacrificare.</span> <span class='ocrx_word' id='word_1_35' title='bbox 1185 390 1533 451; x_wconf 82' lang='lat' dir='ltr'>Anglosaxonice</span> <span class='ocrx_word' id='word_1_36' title='bbox 1557 392 1727 445; x_wconf 75' lang='lat' dir='ltr'>blotan.</span> <span class='ocrx_word' id='word_1_37' title='bbox 1792 392 1862 440; x_wconf 85' lang='lat' dir='ltr'>lsl.</span> <span class='ocrx_word' id='word_1_38' title='bbox 1883 391 2025 447; x_wconf 85' lang='lat' dir='ltr'>blota,</span> <span class='ocrx_word' id='word_1_39' title='bbox 2066 394 2183 438; x_wconf 88' lang='lat' dir='ltr'>unde</span> <span class='ocrx_word' id='word_1_40' title='bbox 2202 394 2313 442; x_wconf 74' lang='lat' dir='ltr'>blot-</span> 
     </span>
     <span class='ocr_line' id='line_1_5' title="bbox 109 451 2315 518; baseline 0.001 -14"><span class='ocrx_word' id='word_1_41' title='bbox 109 451 302 511; x_wconf 69' lang='lat' dir='ltr'>mudur,</span> <span class='ocrx_word' id='word_1_42' title='bbox 337 455 590 508; x_wconf 76' lang='lat' dir='ltr'>idololatra,</span> <span class='ocrx_word' id='word_1_43' title='bbox 627 456 703 513; x_wconf 91' lang='lat' dir='ltr'>qui</span> <span class='ocrx_word' id='word_1_44' title='bbox 725 457 818 501; x_wconf 87' lang='lat' dir='ltr'>Diis</span> <span class='ocrx_word' id='word_1_45' title='bbox 840 457 1054 503; x_wconf 88' lang='lat' dir='ltr'>immolat.</span> <span class='ocrx_word' id='word_1_46' title='bbox 1123 458 1259 517; x_wconf 89' lang='lat' dir='ltr'><strong>Apud</strong></span> <span class='ocrx_word' id='word_1_47' title='bbox 1280 460 1465 504; x_wconf 85' lang='lat' dir='ltr'>maiores</span> <span class='ocrx_word' id='word_1_48' title='bbox 1486 458 1655 506; x_wconf 83' lang='lat' dir='ltr'>nostros</span> <span class='ocrx_word' id='word_1_49' title='bbox 1673 458 1810 507; x_wconf 68' lang='lat' dir='ltr'>Saena</span> <span class='ocrx_word' id='word_1_50' title='bbox 1831 459 1913 515; x_wconf 90' lang='lat' dir='ltr'>ille,</span> <span class='ocrx_word' id='word_1_51' title='bbox 1948 459 2025 518; x_wconf 88' lang='lat' dir='ltr'>qui</span> <span class='ocrx_word' id='word_1_52' title='bbox 2044 458 2315 518; x_wconf 76' lang='lat' dir='ltr'>aliquamdiu</span> 
     </span>
     <span class='ocr_line' id='line_1_6' title="bbox 110 518 2314 588; baseline 0.002 -20"><span class='ocrx_word' id='word_1_53' title='bbox 110 523 261 569; x_wconf 80' lang='lat' dir='ltr'><strong>throni</strong></span> <span class='ocrx_word' id='word_1_54' title='bbox 283 523 460 569; x_wconf 90' lang='lat' dir='ltr'>Svecani</span> <span class='ocrx_word' id='word_1_55' title='bbox 476 518 653 567; x_wconf 68' lang='lat' dir='ltr'>insessor</span> <span class='ocrx_word' id='word_1_56' title='bbox 682 538 794 579; x_wconf 85' lang='lat' dir='ltr'>erat,</span> <span class='ocrx_word' id='word_1_57' title='bbox 840 524 948 570; x_wconf 85' lang='lat' dir='ltr'>Blot</span> <span class='ocrx_word' id='word_1_58' title='bbox 970 523 1088 570; x_wconf 78' lang='lat' dir='ltr'>Suen</span> <span class='ocrx_word' id='word_1_59' title='bbox 1117 524 1476 582; x_wconf 83' lang='lat' dir='ltr'>nuncupabatur,</span> <span class='ocrx_word' id='word_1_60' title='bbox 1510 525 1596 571; x_wconf 93' lang='lat' dir='ltr'>hoc</span> <span class='ocrx_word' id='word_1_61' title='bbox 1629 525 1687 572; x_wconf 87' lang='lat' dir='ltr'>est</span> <span class='ocrx_word' id='word_1_62' title='bbox 1711 525 1956 572; x_wconf 80' lang='lat' dir='ltr'>idololatra.</span> <span class='ocrx_word' id='word_1_63' title='bbox 2026 525 2314 588; x_wconf 65' lang='lat' dir='ltr'>Blotveiffla,</span> 
     </span>
     <span class='ocr_line' id='line_1_7' title="bbox 109 587 2315 653; baseline 0.002 -19"><span class='ocrx_word' id='word_1_64' title='bbox 109 605 229 635; x_wconf 86' lang='lat' dir='ltr'>erant</span> <span class='ocrx_word' id='word_1_65' title='bbox 249 589 386 651; x_wconf 85' lang='lat' dir='ltr'>epulae</span> <span class='ocrx_word' id='word_1_66' title='bbox 405 588 634 649; x_wconf 82' lang='lat' dir='ltr'>gentilium</span> <span class='ocrx_word' id='word_1_67' title='bbox 655 587 946 635; x_wconf 65' lang='lat' dir='ltr'>idololatricae.</span> <span class='ocrx_word' id='word_1_68' title='bbox 1017 587 1177 636; x_wconf 81' lang='lat' dir='ltr'>Heims</span> <span class='ocrx_word' id='word_1_69' title='bbox 1198 589 1286 638; x_wconf 73' lang='lat' dir='ltr'>Kr.</span> <span class='ocrx_word' id='word_1_70' title='bbox 1312 591 1448 634; x_wconf 89' lang='lat' dir='ltr'>Tom.</span> <span class='ocrx_word' id='word_1_71' title='bbox 1475 607 1514 637; x_wconf 87' lang='lat'>1.</span> <span class='ocrx_word' id='word_1_72' title='bbox 1558 609 1659 652; x_wconf 80' lang='lat' dir='ltr'>pag.</span> <span class='ocrx_word' id='word_1_73' title='bbox 1698 607 1807 653; x_wconf 85' lang='lat'>144.</span> <span class='ocrx_word' id='word_1_74' title='bbox 1851 590 2069 646; x_wconf 85' lang='lat' dir='ltr'>blotmat‚</span> <span class='ocrx_word' id='word_1_75' title='bbox 2114 591 2178 642; x_wconf 73' lang='lat' dir='ltr'>id.</span> <span class='ocrx_word' id='word_1_76' title='bbox 2208 592 2315 645; x_wconf 75' lang='lat' dir='ltr'>ibid,</span> 
     </span>
     <span class='ocr_line' id='line_1_8' title="bbox 106 651 2315 724; baseline 0.001 -20"><span class='ocrx_word' id='word_1_77' title='bbox 106 672 153 716; x_wconf 82' lang='lat' dir='ltr'>p.</span> <span class='ocrx_word' id='word_1_78' title='bbox 186 670 290 716; x_wconf 83' lang='lat'>141.</span> <span class='ocrx_word' id='word_1_79' title='bbox 360 655 614 701; x_wconf 77' lang='lat' dir='ltr'>Alemannis</span> <span class='ocrx_word' id='word_1_80' title='bbox 634 651 799 716; x_wconf 82' lang='lat' dir='ltr'>blostar</span> <span class='ocrx_word' id='word_1_81' title='bbox 820 652 1077 701; x_wconf 86' lang='lat' dir='ltr'>sacrificium</span> <span class='ocrx_word' id='word_1_82' title='bbox 1100 669 1232 708; x_wconf 90' lang='lat' dir='ltr'>notat,</span> <span class='ocrx_word' id='word_1_83' title='bbox 1262 653 1564 719; x_wconf 80' lang='lat' dir='ltr'>pluostarlzus,</span> <span class='ocrx_word' id='word_1_84' title='bbox 1600 655 1752 704; x_wconf 89' lang='lat' dir='ltr'>fanum</span> <span class='ocrx_word' id='word_1_85' title='bbox 1773 657 2124 713; x_wconf 63' lang='lat' dir='ltr'>idololatriam,</span> <span class='ocrx_word' id='word_1_86' title='bbox 2152 659 2315 724; x_wconf 60' lang='lat' dir='ltr'>pluist-</span> 
     </span>
     <span class='ocr_line' id='line_1_9' title="bbox 105 718 2315 784; baseline 0.001 -15"><span class='ocrx_word' id='word_1_87' title='bbox 105 737 226 770; x_wconf 81' lang='lat' dir='ltr'>rara</span> <span class='ocrx_word' id='word_1_88' title='bbox 239 723 255 779; x_wconf 44' lang='lat'>,⁷</span> <span class='ocrx_word' id='word_1_89' title='bbox 287 719 606 768; x_wconf 83' lang='lat' dir='ltr'>sacrificatores.</span> <span class='ocrx_word' id='word_1_90' title='bbox 674 724 724 767; x_wconf 90' lang='lat' dir='ltr'>In</span> <span class='ocrx_word' id='word_1_91' title='bbox 751 718 994 766; x_wconf 86' lang='lat' dir='ltr'>transcursu</span> <span class='ocrx_word' id='word_1_92' title='bbox 1014 719 1200 773; x_wconf 84' lang='lat' dir='ltr'>notabO,</span> <span class='ocrx_word' id='word_1_93' title='bbox 1235 718 1382 784; x_wconf 72' lang='lat' dir='ltr'>Junio</span> <span class='ocrx_word' id='word_1_94' title='bbox 1405 722 1827 783; x_wconf 74' lang='lat' dir='ltr'>Stiernlzielmzoque</span> <span class='ocrx_word' id='word_1_95' title='bbox 1847 742 1935 770; x_wconf 89' lang='lat' dir='ltr'>non</span> <span class='ocrx_word' id='word_1_96' title='bbox 1955 723 2034 770; x_wconf 81' lang='lat' dir='ltr'>esse</span> <span class='ocrx_word' id='word_1_97' title='bbox 2054 723 2315 771; x_wconf 85' lang='lat' dir='ltr'>subscriben-</span> 
     </span>
     <span class='ocr_line' id='line_1_10' title="bbox 72 785 2314 850; baseline 0.003 -19"><span class='ocrx_word' id='word_1_98' title='bbox 72 828 74 831; x_wconf 79' lang='grc'>,</span> <span class='ocrx_word' id='word_1_99' title='bbox 109 788 240 846; x_wconf 88' lang='lat' dir='ltr'>dum,</span> <span class='ocrx_word' id='word_1_100' title='bbox 285 805 477 849; x_wconf 88' lang='lat' dir='ltr'>quorum</span> <span class='ocrx_word' id='word_1_101' title='bbox 507 785 809 838; x_wconf 65' lang='lat' dir='ltr'>auEioritatem</span> <span class='ocrx_word' id='word_1_102' title='bbox 838 785 1003 832; x_wconf 88' lang='lat' dir='ltr'>secutus</span> <span class='ocrx_word' id='word_1_103' title='bbox 1034 787 1123 833; x_wconf 78' lang='lat' dir='ltr'>Dn.</span> <span class='ocrx_word' id='word_1_104' title='bbox 1151 785 1395 834; x_wconf 77' lang='lat' dir='ltr'>lsnittelim</span> <span class='ocrx_word' id='word_1_105' title='bbox 1423 787 1571 836; x_wconf 74' lang='lat' dir='ltr'>blotan</span> <span class='ocrx_word' id='word_1_106' title='bbox 1598 807 1620 835; x_wconf 86' lang='lat' dir='ltr'>a</span> <span class='ocrx_word' id='word_1_107' title='bbox 1649 788 1792 846; x_wconf 74' lang='lat' dir='ltr'>bloth,</span> <span class='ocrx_word' id='word_1_108' title='bbox 1835 788 2027 850; x_wconf 85' lang='lat' dir='ltr'>sanguis,</span> <span class='ocrx_word' id='word_1_109' title='bbox 2070 787 2314 838; x_wconf 89' lang='lat' dir='ltr'>formatum</span> 
     </span>
     <span class='ocr_line' id='line_1_11' title="bbox 106 850 2313 916; baseline 0.002 -16"><span class='ocrx_word' id='word_1_110' title='bbox 106 871 249 915; x_wconf 84' lang='lat' dir='ltr'>putat.</span> <span class='ocrx_word' id='word_1_111' title='bbox 271 872 312 903; x_wconf 84' lang='lat' dir='ltr'>v.</span> <span class='ocrx_word' id='word_1_112' title='bbox 336 851 464 916; x_wconf 79' lang='lat' dir='ltr'>praef.</span> <span class='ocrx_word' id='word_1_113' title='bbox 486 870 529 914; x_wconf 90' lang='lat' dir='ltr'>p.</span> <span class='ocrx_word' id='word_1_114' title='bbox 552 869 627 910; x_wconf 86' lang='lat'>29.</span> <span class='ocrx_word' id='word_1_115' title='bbox 675 854 800 897; x_wconf 84' lang='lat' dir='ltr'>Ratio</span> <span class='ocrx_word' id='word_1_116' title='bbox 822 852 911 897; x_wconf 80' lang='lat' dir='ltr'>haec</span> <span class='ocrx_word' id='word_1_117' title='bbox 930 850 1002 902; x_wconf 78' lang='lat' dir='ltr'>est,</span> <span class='ocrx_word' id='word_1_118' title='bbox 1072 855 1120 896; x_wconf 85' lang='lat' dir='ltr'>ln</span> <span class='ocrx_word' id='word_1_119' title='bbox 1145 852 1293 913; x_wconf 85' lang='lat' dir='ltr'>lingua</span> <span class='ocrx_word' id='word_1_120' title='bbox 1314 869 1400 899; x_wconf 88' lang='lat' dir='ltr'>tam</span> <span class='ocrx_word' id='word_1_121' title='bbox 1422 853 1578 900; x_wconf 89' lang='lat' dir='ltr'>Moeso</span> <span class='ocrx_word' id='word_1_122' title='bbox 1603 856 1791 902; x_wconf 86' lang='lat' dir='ltr'>Gothica</span> <span class='ocrx_word' id='word_1_123' title='bbox 1813 872 1943 914; x_wconf 90' lang='lat' dir='ltr'>quam</span> <span class='ocrx_word' id='word_1_124' title='bbox 1963 854 2313 916; x_wconf 61' lang='lat' dir='ltr'>Anglosaxonica</span> 
     </span>
     <span class='ocr_line' id='line_1_12' title="bbox 107 914 2312 983; baseline 0.001 -17"><span class='ocrx_word' id='word_1_125' title='bbox 107 922 149 966; x_wconf 71' lang='grc' dir='ltr'>ὅ(</span> <span class='ocrx_word' id='word_1_126' title='bbox 172 923 410 967; x_wconf 85' lang='lat' dir='ltr'>lslandicat</span> <span class='ocrx_word' id='word_1_127' title='bbox 434 920 474 965; x_wconf 74' lang='grc' dir='ltr'>ἃ</span> <span class='ocrx_word' id='word_1_128' title='bbox 495 918 544 966; x_wconf 81' lang='lat' dir='ltr'>tlz</span> <span class='ocrx_word' id='word_1_129' title='bbox 566 916 738 965; x_wconf 73' lang='lat' dir='ltr'>diversae</span> <span class='ocrx_word' id='word_1_130' title='bbox 761 914 885 963; x_wconf 89' lang='lat' dir='ltr'>fuere</span> <span class='ocrx_word' id='word_1_131' title='bbox 909 918 1075 972; x_wconf 67' lang='lat' dir='ltr'>litterae,</span> <span class='ocrx_word' id='word_1_132' title='bbox 1104 918 1287 978; x_wconf 77' lang='lat' dir='ltr'>perinde</span> <span class='ocrx_word' id='word_1_133' title='bbox 1316 936 1362 965; x_wconf 88' lang='lat' dir='ltr'>ac</span> <span class='ocrx_word' id='word_1_134' title='bbox 1390 920 1505 979; x_wconf 88' lang='lat' dir='ltr'>apud</span> <span class='ocrx_word' id='word_1_135' title='bbox 1538 937 1698 980; x_wconf 69' lang='lat' dir='ltr'>gra-cos</span> <span class='ocrx_word' id='word_1_136' title='bbox 1727 949 1750 968; x_wconf 66' lang='lat' dir='ltr'><em>r</em></span> <span class='ocrx_word' id='word_1_137' title='bbox 1777 921 1816 966; x_wconf 72' lang='grc' dir='ltr'>ἃ</span> <span class='ocrx_word' id='word_1_138' title='bbox 1845 934 1896 978; x_wconf 68' lang='grc'>9,</span> <span class='ocrx_word' id='word_1_139' title='bbox 1934 938 2030 979; x_wconf 71' lang='lat' dir='ltr'>quae</span> <span class='ocrx_word' id='word_1_140' title='bbox 2060 938 2149 967; x_wconf 89' lang='lat' dir='ltr'>non</span> <span class='ocrx_word' id='word_1_141' title='bbox 2175 922 2312 983; x_wconf 78' lang='lat' dir='ltr'>figura</span> 
     </span>
     <span class='ocr_line' id='line_1_13' title="bbox 106 983 2313 1048; baseline 0.001 -16"><span class='ocrx_word' id='word_1_142' title='bbox 106 1002 296 1041; x_wconf 87' lang='lat' dir='ltr'>tantum,</span> <span class='ocrx_word' id='word_1_143' title='bbox 338 986 406 1032; x_wconf 90' lang='lat' dir='ltr'>sed</span> <span class='ocrx_word' id='word_1_144' title='bbox 432 988 559 1031; x_wconf 83' lang='lat' dir='ltr'>etiam</span> <span class='ocrx_word' id='word_1_145' title='bbox 580 983 714 1042; x_wconf 78' lang='lat' dir='ltr'>sono,</span> <span class='ocrx_word' id='word_1_146' title='bbox 749 987 812 1029; x_wconf 89' lang='lat' dir='ltr'>uti</span> <span class='ocrx_word' id='word_1_147' title='bbox 833 984 876 1029; x_wconf 90' lang='lat' dir='ltr'>id</span> <span class='ocrx_word' id='word_1_148' title='bbox 897 984 1118 1043; x_wconf 82' lang='lat' dir='ltr'>hodieque</span> <span class='ocrx_word' id='word_1_149' title='bbox 1151 986 1272 1045; x_wconf 87' lang='lat' dir='ltr'>apud</span> <span class='ocrx_word' id='word_1_150' title='bbox 1302 987 1475 1045; x_wconf 86' lang='lat' dir='ltr'>Anplos</span> <span class='ocrx_word' id='word_1_151' title='bbox 1502 986 1542 1032; x_wconf 68' lang='grc' dir='ltr'>ὅ(</span> <span class='ocrx_word' id='word_1_152' title='bbox 1569 987 1762 1033; x_wconf 83' lang='lat' dir='ltr'>Islandos</span> <span class='ocrx_word' id='word_1_153' title='bbox 1792 984 2065 1039; x_wconf 84' lang='lat' dir='ltr'>observatur,</span> <span class='ocrx_word' id='word_1_154' title='bbox 2101 986 2313 1048; x_wconf 83' lang='lat' dir='ltr'>discrepa-</span> 
     </span>
     <span class='ocr_line' id='line_1_14' title="bbox 107 1049 2310 1114; baseline -0 -15"><span class='ocrx_word' id='word_1_155' title='bbox 107 1053 232 1110; x_wconf 84' lang='lat' dir='ltr'>bant,</span> <span class='ocrx_word' id='word_1_156' title='bbox 265 1056 324 1100; x_wconf 87' lang='lat' dir='ltr'>ita</span> <span class='ocrx_word' id='word_1_157' title='bbox 344 1050 523 1111; x_wconf 90' lang='lat' dir='ltr'>quidem</span> <span class='ocrx_word' id='word_1_158' title='bbox 538 1087 548 1106; x_wconf 92' lang='lat'>,</span> <span class='ocrx_word' id='word_1_159' title='bbox 582 1066 632 1096; x_wconf 87' lang='lat' dir='ltr'>ut</span> <span class='ocrx_word' id='word_1_160' title='bbox 652 1068 736 1095; x_wconf 87' lang='lat' dir='ltr'>una</span> <span class='ocrx_word' id='word_1_161' title='bbox 756 1049 926 1095; x_wconf 85' lang='lat' dir='ltr'>alterius</span> <span class='ocrx_word' id='word_1_162' title='bbox 948 1050 1047 1095; x_wconf 88' lang='lat' dir='ltr'>loco</span> <span class='ocrx_word' id='word_1_163' title='bbox 1080 1068 1305 1110; x_wconf 84' lang='lat' dir='ltr'>nunquam</span> <span class='ocrx_word' id='word_1_164' title='bbox 1336 1067 1588 1112; x_wconf 84' lang='lat' dir='ltr'>poneretur.</span> <span class='ocrx_word' id='word_1_165' title='bbox 1645 1057 1789 1113; x_wconf 80' lang='lat' dir='ltr'>AEque</span> <span class='ocrx_word' id='word_1_166' title='bbox 1809 1055 1950 1112; x_wconf 90' lang='lat' dir='ltr'>itaque</span> <span class='ocrx_word' id='word_1_167' title='bbox 1971 1070 1994 1098; x_wconf 84' lang='lat' dir='ltr'>a</span> <span class='ocrx_word' id='word_1_168' title='bbox 2016 1054 2198 1114; x_wconf 78' lang='lat' dir='ltr'>Linguae</span> <span class='ocrx_word' id='word_1_169' title='bbox 2219 1056 2310 1101; x_wconf 70' lang='lat' dir='ltr'>Go-</span> 
     </span>
     <span class='ocr_line' id='line_1_15' title="bbox 105 1114 2311 1180; baseline 0.002 -17"><span class='ocrx_word' id='word_1_170' title='bbox 105 1118 232 1164; x_wconf 80' lang='lat' dir='ltr'>thicae</span> <span class='ocrx_word' id='word_1_171' title='bbox 251 1120 380 1180; x_wconf 85' lang='lat' dir='ltr'>genio</span> <span class='ocrx_word' id='word_1_172' title='bbox 398 1117 592 1162; x_wconf 88' lang='lat' dir='ltr'>alienum</span> <span class='ocrx_word' id='word_1_173' title='bbox 612 1115 694 1172; x_wconf 89' lang='lat' dir='ltr'>est,</span> <span class='ocrx_word' id='word_1_174' title='bbox 730 1114 882 1164; x_wconf 80' lang='lat' dir='ltr'>blotan</span> <span class='ocrx_word' id='word_1_175' title='bbox 902 1134 924 1162; x_wconf 90' lang='lat' dir='ltr'>a</span> <span class='ocrx_word' id='word_1_176' title='bbox 951 1115 1072 1165; x_wconf 69' lang='lat' dir='ltr'><em>bioth</em></span> <span class='ocrx_word' id='word_1_177' title='bbox 1094 1117 1326 1176; x_wconf 78' lang='lat' dir='ltr'>deducere,</span> <span class='ocrx_word' id='word_1_178' title='bbox 1362 1135 1409 1165; x_wconf 84' lang='lat' dir='ltr'>ac</span> <span class='ocrx_word' id='word_1_179' title='bbox 1435 1116 1465 1163; x_wconf 86' lang='lat' dir='ltr'>si</span> <span class='ocrx_word' id='word_1_180' title='bbox 1494 1119 1753 1180; x_wconf 81' lang='lat' dir='ltr'>philologus</span> <span class='ocrx_word' id='word_1_181' title='bbox 1782 1135 1942 1180; x_wconf 66' lang='lat' dir='ltr'>graecus</span> <span class='ocrx_word' id='word_1_182' title='bbox 1970 1126 2069 1179; x_wconf 56' lang='grc' dir='ltr'>θύω,</span> <span class='ocrx_word' id='word_1_183' title='bbox 2107 1119 2311 1176; x_wconf 83' lang='lat' dir='ltr'>sacrifico,</span> 
     </span>
     <span class='ocr_line' id='line_1_16' title="bbox 105 1182 2317 1246; baseline 0.001 -15"><span class='ocrx_word' id='word_1_184' title='bbox 105 1192 250 1231; x_wconf 68' lang='grc' dir='ltr'>αἰπότὲ</span> <span class='ocrx_word' id='word_1_185' title='bbox 269 1189 351 1241; x_wconf 69' lang='grc' dir='ltr'>τίω,</span> <span class='ocrx_word' id='word_1_186' title='bbox 379 1182 582 1241; x_wconf 85' lang='lat' dir='ltr'>honoro,</span> <span class='ocrx_word' id='word_1_187' title='bbox 626 1199 776 1229; x_wconf 87' lang='lat' dir='ltr'>ortum</span> <span class='ocrx_word' id='word_1_188' title='bbox 808 1184 980 1229; x_wconf 90' lang='lat' dir='ltr'>diceret.</span> <span class='ocrx_word' id='word_1_189' title='bbox 1083 1186 1204 1229; x_wconf 86' lang='lat' dir='ltr'>Hinc</span> <span class='ocrx_word' id='word_1_190' title='bbox 1241 1183 1428 1241; x_wconf 83' lang='lat' dir='ltr'>videbis,</span> <span class='ocrx_word' id='word_1_191' title='bbox 1463 1186 1506 1229; x_wconf 90' lang='lat' dir='ltr'>in</span> <span class='ocrx_word' id='word_1_192' title='bbox 1533 1186 1669 1232; x_wconf 81' lang='lat' dir='ltr'>modo</span> <span class='ocrx_word' id='word_1_193' title='bbox 1702 1185 1912 1233; x_wconf 86' lang='lat' dir='ltr'>recensitis</span> <span class='ocrx_word' id='word_1_194' title='bbox 1942 1187 2102 1246; x_wconf 84' lang='lat' dir='ltr'>linguis</span> <span class='ocrx_word' id='word_1_195' title='bbox 2135 1183 2183 1234; x_wconf 78' lang='lat' dir='ltr'>th</span> <span class='ocrx_word' id='word_1_196' title='bbox 2211 1186 2254 1232; x_wconf 85' lang='lat'>&amp;</span> <span class='ocrx_word' id='word_1_197' title='bbox 2280 1187 2317 1234; x_wconf 77' lang='lat' dir='ltr'>d</span> 
     </span>
     <span class='ocr_line' id='line_1_17' title="bbox 104 1247 2309 1317; baseline 0.002 -24"><span class='ocrx_word' id='word_1_198' title='bbox 104 1247 215 1311; x_wconf 83' lang='lat' dir='ltr'>saepe</span> <span class='ocrx_word' id='word_1_199' title='bbox 244 1249 416 1295; x_wconf 85' lang='lat' dir='ltr'>alternis</span> <span class='ocrx_word' id='word_1_200' title='bbox 445 1251 568 1311; x_wconf 88' lang='lat' dir='ltr'>poni.</span> <span class='ocrx_word' id='word_1_201' title='bbox 602 1267 645 1297; x_wconf 80' lang='lat' dir='ltr'>v.</span> <span class='ocrx_word' id='word_1_202' title='bbox 673 1247 891 1314; x_wconf 75' lang='lat' dir='ltr'>Ulplztlas</span> <span class='ocrx_word' id='word_1_203' title='bbox 921 1250 1083 1317; x_wconf 61' lang='lat' dir='ltr'>illustr.</span> <span class='ocrx_word' id='word_1_204' title='bbox 1105 1267 1152 1310; x_wconf 70' lang='lat' dir='ltr'>p.</span> <span class='ocrx_word' id='word_1_205' title='bbox 1170 1252 1252 1311; x_wconf 68' lang='grc'>40.</span> <span class='ocrx_word' id='word_1_206' title='bbox 1279 1263 1297 1298; x_wconf 88' lang='lat' dir='ltr'>t</span> <span class='ocrx_word' id='word_1_207' title='bbox 1314 1267 1418 1297; x_wconf 90' lang='lat' dir='ltr'>vero</span> <span class='ocrx_word' id='word_1_208' title='bbox 1440 1250 1481 1296; x_wconf 75' lang='grc' dir='ltr'>ἃ</span> <span class='ocrx_word' id='word_1_209' title='bbox 1502 1250 1538 1298; x_wconf 81' lang='lat' dir='ltr'>d</span> <span class='ocrx_word' id='word_1_210' title='bbox 1554 1269 1642 1298; x_wconf 89' lang='lat' dir='ltr'>non</span> <span class='ocrx_word' id='word_1_211' title='bbox 1663 1254 1781 1302; x_wconf 80' lang='lat' dir='ltr'>item,</span> <span class='ocrx_word' id='word_1_212' title='bbox 1850 1255 1911 1297; x_wconf 85' lang='lat' dir='ltr'>Ita</span> <span class='ocrx_word' id='word_1_213' title='bbox 1932 1253 1977 1297; x_wconf 91' lang='lat' dir='ltr'>in</span> <span class='ocrx_word' id='word_1_214' title='bbox 1997 1253 2144 1298; x_wconf 90' lang='lat' dir='ltr'>codice</span> <span class='ocrx_word' id='word_1_215' title='bbox 2163 1269 2309 1314; x_wconf 89' lang='lat' dir='ltr'>argen-</span> 
     </span>
     <span class='ocr_line' id='line_1_18' title="bbox 104 1313 2309 1380; baseline 0.003 -19"><span class='ocrx_word' id='word_1_216' title='bbox 104 1330 176 1361; x_wconf 88' lang='lat' dir='ltr'>teo</span> <span class='ocrx_word' id='word_1_217' title='bbox 214 1314 308 1363; x_wconf 75' lang='lat' dir='ltr'>bad</span> <span class='ocrx_word' id='word_1_218' title='bbox 332 1315 374 1361; x_wconf 69' lang='grc' dir='ltr'>ὅ(</span> <span class='ocrx_word' id='word_1_219' title='bbox 401 1313 533 1371; x_wconf 79' lang='lat' dir='ltr'>bath,</span> <span class='ocrx_word' id='word_1_220' title='bbox 567 1318 729 1371; x_wconf 88' lang='lat' dir='ltr'>oravit,</span> <span class='ocrx_word' id='word_1_221' title='bbox 759 1314 971 1376; x_wconf 86' lang='lat' dir='ltr'>scriptum</span> <span class='ocrx_word' id='word_1_222' title='bbox 1000 1319 1211 1373; x_wconf 88' lang='lat' dir='ltr'>invenies,</span> <span class='ocrx_word' id='word_1_223' title='bbox 1244 1315 1371 1364; x_wconf 85' lang='lat' dir='ltr'>baud</span> <span class='ocrx_word' id='word_1_224' title='bbox 1392 1317 1434 1362; x_wconf 67' lang='grc' dir='ltr'>ὃ(</span> <span class='ocrx_word' id='word_1_225' title='bbox 1464 1316 1626 1371; x_wconf 68' lang='lat' dir='ltr'>baum,</span> <span class='ocrx_word' id='word_1_226' title='bbox 1658 1316 1795 1380; x_wconf 78' lang='lat' dir='ltr'>jussit3</span> <span class='ocrx_word' id='word_1_227' title='bbox 1840 1335 2065 1377; x_wconf 85' lang='lat' dir='ltr'>nunquam</span> <span class='ocrx_word' id='word_1_228' title='bbox 2096 1336 2199 1365; x_wconf 90' lang='lat' dir='ltr'>vero</span> <span class='ocrx_word' id='word_1_229' title='bbox 2229 1317 2309 1367; x_wconf 79' lang='lat' dir='ltr'>bat</span> 
     </span>
     <span class='ocr_line' id='line_1_19' title="bbox 103 1378 2309 1446; baseline 0.001 -18"><span class='ocrx_word' id='word_1_230' title='bbox 103 1382 148 1428; x_wconf 70' lang='grc' dir='ltr'>ὅ(</span> <span class='ocrx_word' id='word_1_231' title='bbox 174 1378 297 1428; x_wconf 82' lang='lat' dir='ltr'>haut.</span> <span class='ocrx_word' id='word_1_232' title='bbox 376 1382 518 1428; x_wconf 91' lang='lat' dir='ltr'>Video</span> <span class='ocrx_word' id='word_1_233' title='bbox 547 1382 776 1441; x_wconf 81' lang='lat' dir='ltr'>equidem,</span> <span class='ocrx_word' id='word_1_234' title='bbox 814 1399 866 1426; x_wconf 90' lang='lat' dir='ltr'>ne</span> <span class='ocrx_word' id='word_1_235' title='bbox 897 1383 1007 1441; x_wconf 86' lang='lat' dir='ltr'>quid</span> <span class='ocrx_word' id='word_1_236' title='bbox 1040 1380 1327 1437; x_wconf 75' lang='lat' dir='ltr'>dissimulem,</span> <span class='ocrx_word' id='word_1_237' title='bbox 1362 1380 1552 1428; x_wconf 89' lang='lat' dir='ltr'>mensem</span> <span class='ocrx_word' id='word_1_238' title='bbox 1587 1385 1892 1429; x_wconf 89' lang='lat' dir='ltr'>Novembrem</span> <span class='ocrx_word' id='word_1_239' title='bbox 1927 1385 1971 1428; x_wconf 90' lang='lat' dir='ltr'>in</span> <span class='ocrx_word' id='word_1_240' title='bbox 2002 1381 2117 1429; x_wconf 86' lang='lat' dir='ltr'>fastis</span> <span class='ocrx_word' id='word_1_241' title='bbox 2150 1385 2309 1446; x_wconf 87' lang='lat' dir='ltr'>Anglo·</span> 
     </span>
     <span class='ocr_line' id='line_1_20' title="bbox 103 1445 2309 1514; baseline 0.002 -22"><span class='ocrx_word' id='word_1_242' title='bbox 103 1445 313 1493; x_wconf 82' lang='lat' dir='ltr'>saxonicis</span> <span class='ocrx_word' id='word_1_243' title='bbox 341 1445 623 1495; x_wconf 79' lang='lat' dir='ltr'>blodmonatlz</span> <span class='ocrx_word' id='word_1_244' title='bbox 641 1448 853 1508; x_wconf 87' lang='lat' dir='ltr'>appellari</span> <span class='ocrx_word' id='word_1_245' title='bbox 881 1449 999 1509; x_wconf 85' lang='lat' dir='ltr'>apud</span> <span class='ocrx_word' id='word_1_246' title='bbox 1020 1446 1219 1514; x_wconf 78' lang='lat' dir='ltr'>Junium</span> <span class='ocrx_word' id='word_1_247' title='bbox 1250 1449 1294 1492; x_wconf 91' lang='lat' dir='ltr'>in</span> <span class='ocrx_word' id='word_1_248' title='bbox 1318 1445 1570 1509; x_wconf 63' lang='lat' dir='ltr'>Gloffawo,</span> <span class='ocrx_word' id='word_1_249' title='bbox 1604 1447 1682 1495; x_wconf 88' lang='lat' dir='ltr'>sub</span> <span class='ocrx_word' id='word_1_250' title='bbox 1712 1448 1844 1496; x_wconf 90' lang='lat' dir='ltr'>verbo</span> <span class='ocrx_word' id='word_1_251' title='bbox 1871 1448 2052 1497; x_wconf 86' lang='lat' dir='ltr'>blotan:</span> <span class='ocrx_word' id='word_1_252' title='bbox 2089 1448 2159 1495; x_wconf 88' lang='lat' dir='ltr'>sed</span> <span class='ocrx_word' id='word_1_253' title='bbox 2180 1452 2224 1496; x_wconf 88' lang='lat' dir='ltr'>id</span> <span class='ocrx_word' id='word_1_254' title='bbox 2247 1453 2309 1496; x_wconf 90' lang='lat' dir='ltr'>in-</span> 
     </span>
     <span class='ocr_line' id='line_1_21' title="bbox 103 1512 2315 1568; baseline 0.002 -8"><span class='ocrx_word' id='word_1_255' title='bbox 103 1515 234 1560; x_wconf 82' lang='lat' dir='ltr'>curiae</span> <span class='ocrx_word' id='word_1_256' title='bbox 253 1513 421 1558; x_wconf 86' lang='lat' dir='ltr'>librarii</span> <span class='ocrx_word' id='word_1_257' title='bbox 439 1514 721 1560; x_wconf 86' lang='lat' dir='ltr'>tribuendum</span> <span class='ocrx_word' id='word_1_258' title='bbox 743 1512 843 1568; x_wconf 80' lang='lat' dir='ltr'>effe,</span> <span class='ocrx_word' id='word_1_259' title='bbox 878 1515 1005 1561; x_wconf 87' lang='lat' dir='ltr'>docet</span> <span class='ocrx_word' id='word_1_260' title='bbox 1024 1515 1165 1561; x_wconf 87' lang='lat' dir='ltr'>addita</span> <span class='ocrx_word' id='word_1_261' title='bbox 1186 1516 1296 1560; x_wconf 88' lang='lat' dir='ltr'>ratio</span> <span class='ocrx_word' id='word_1_262' title='bbox 1317 1515 1700 1565; x_wconf 63' lang='lat' dir='ltr'>denominationis,</span> <span class='ocrx_word' id='word_1_263' title='bbox 1770 1517 1832 1565; x_wconf 88' lang='lat' dir='ltr'>Se</span> <span class='ocrx_word' id='word_1_264' title='bbox 1858 1516 2035 1564; x_wconf 75' lang='lat' dir='ltr'>monotlz</span> <span class='ocrx_word' id='word_1_265' title='bbox 2061 1520 2100 1564; x_wconf 85' lang='lat' dir='ltr'>is</span> <span class='ocrx_word' id='word_1_266' title='bbox 2127 1516 2315 1565; x_wconf 86' lang='lat' dir='ltr'>nemned</span> 
     </span>
     <span class='ocr_line' id='line_1_22' title="bbox 101 1579 2307 1649; baseline 0.002 -21"><span class='ocrx_word' id='word_1_267' title='bbox 101 1597 160 1629; x_wconf 85' lang='lat' dir='ltr'>on</span> <span class='ocrx_word' id='word_1_268' title='bbox 180 1579 346 1628; x_wconf 81' lang='lat' dir='ltr'>Laeden</span> <span class='ocrx_word' id='word_1_269' title='bbox 368 1580 645 1638; x_wconf 79' lang='lat' dir='ltr'>November,</span> <span class='ocrx_word' id='word_1_270' title='bbox 679 1584 773 1629; x_wconf 84' lang='lat' dir='ltr'>and</span> <span class='ocrx_word' id='word_1_271' title='bbox 789 1596 842 1628; x_wconf 86' lang='lat' dir='ltr'>on</span> <span class='ocrx_word' id='word_1_272' title='bbox 865 1597 944 1629; x_wconf 86' lang='lat' dir='ltr'>ure</span> <span class='ocrx_word' id='word_1_273' title='bbox 961 1579 1174 1647; x_wconf 76' lang='lat' dir='ltr'>getheode</span> <span class='ocrx_word' id='word_1_274' title='bbox 1190 1580 1498 1637; x_wconf 79' lang='lat' dir='ltr'>blodmonatlz,</span> <span class='ocrx_word' id='word_1_275' title='bbox 1534 1579 1700 1640; x_wconf 61' lang='lat' dir='ltr'>foy-don</span> <span class='ocrx_word' id='word_1_276' title='bbox 1719 1599 1801 1631; x_wconf 82' lang='lat' dir='ltr'>ure</span> <span class='ocrx_word' id='word_1_277' title='bbox 1826 1582 1996 1649; x_wconf 83' lang='lat' dir='ltr'>yldran</span> <span class='ocrx_word' id='word_1_278' title='bbox 2011 1617 2021 1635; x_wconf 69' lang='lat'>,</span> <span class='ocrx_word' id='word_1_279' title='bbox 2045 1581 2123 1631; x_wconf 80' lang='lat' dir='ltr'>tlza</span> <span class='ocrx_word' id='word_1_280' title='bbox 2142 1580 2202 1648; x_wconf 81' lang='lat' dir='ltr'>lzy</span> <span class='ocrx_word' id='word_1_281' title='bbox 2221 1583 2307 1634; x_wconf 75' lang='lat' dir='ltr'>lue-</span> 
     </span>
     <span class='ocr_line' id='line_1_23' title="bbox 104 1644 2305 1714; baseline 0.002 -19"><span class='ocrx_word' id='word_1_282' title='bbox 104 1644 262 1696; x_wconf 77' lang='lat' dir='ltr'>thenne</span> <span class='ocrx_word' id='word_1_283' title='bbox 287 1663 461 1703; x_wconf 77' lang='lat' dir='ltr'>voeron,</span> <span class='ocrx_word' id='word_1_284' title='bbox 493 1649 692 1705; x_wconf 61' lang='lat' dir='ltr'>witham</span> <span class='ocrx_word' id='word_1_285' title='bbox 712 1645 886 1695; x_wconf 78' lang='lat' dir='ltr'>monthe</span> <span class='ocrx_word' id='word_1_286' title='bbox 904 1644 956 1695; x_wconf 83' lang='lat' dir='ltr'>he</span> <span class='ocrx_word' id='word_1_287' title='bbox 976 1649 1148 1696; x_wconf 83' lang='lat' dir='ltr'>bleoton</span> <span class='ocrx_word' id='word_1_288' title='bbox 1169 1664 1223 1702; x_wconf 80' lang='lat' dir='ltr'>a,</span> <span class='ocrx_word' id='word_1_289' title='bbox 1256 1646 1355 1695; x_wconf 75' lang='lat' dir='ltr'>that</span> <span class='ocrx_word' id='word_1_290' title='bbox 1377 1652 1442 1704; x_wconf 83' lang='lat' dir='ltr'>is,</span> <span class='ocrx_word' id='word_1_291' title='bbox 1480 1648 1591 1699; x_wconf 79' lang='lat' dir='ltr'>tlzaet</span> <span class='ocrx_word' id='word_1_292' title='bbox 1613 1647 1670 1714; x_wconf 75' lang='lat' dir='ltr'>hy</span> <span class='ocrx_word' id='word_1_293' title='bbox 1695 1649 1911 1698; x_wconf 77' lang='lat' dir='ltr'>betoelzton</span> <span class='ocrx_word' id='word_1_294' title='bbox 1940 1650 2034 1697; x_wconf 84' lang='lat' dir='ltr'>and</span> <span class='ocrx_word' id='word_1_295' title='bbox 2049 1648 2305 1700; x_wconf 81' lang='lat' dir='ltr'>benaemdon</span> 
     </span>
     <span class='ocr_line' id='line_1_24' title="bbox 103 1711 2304 1781; baseline 0.001 -19"><span class='ocrx_word' id='word_1_296' title='bbox 103 1712 223 1781; x_wconf 81' lang='lat' dir='ltr'>hyra</span> <span class='ocrx_word' id='word_1_297' title='bbox 244 1711 554 1780; x_wconf 76' lang='lat' dir='ltr'>deofolgyldon</span> <span class='ocrx_word' id='word_1_298' title='bbox 574 1711 654 1763; x_wconf 76' lang='lat' dir='ltr'>tlza</span> <span class='ocrx_word' id='word_1_299' title='bbox 680 1726 781 1761; x_wconf 77' lang='lat' dir='ltr'>neat</span> <span class='ocrx_word' id='word_1_300' title='bbox 799 1712 872 1762; x_wconf 70' lang='lat' dir='ltr'>tlte</span> <span class='ocrx_word' id='word_1_301' title='bbox 893 1713 951 1781; x_wconf 79' lang='lat' dir='ltr'>hy</span> <span class='ocrx_word' id='word_1_302' title='bbox 974 1713 1307 1780; x_wconf 76' lang='lat' dir='ltr'>voldonsyllan.</span> <span class='ocrx_word' id='word_1_303' title='bbox 1336 1716 1414 1763; x_wconf 55' lang='lat' dir='ltr'>i0e.</span> <span class='ocrx_word' id='word_1_304' title='bbox 1437 1715 1590 1761; x_wconf 78' lang='lat' dir='ltr'>mensis</span> <span class='ocrx_word' id='word_1_305' title='bbox 1605 1716 1675 1761; x_wconf 87' lang='lat' dir='ltr'>ille</span> <span class='ocrx_word' id='word_1_306' title='bbox 1699 1719 1952 1762; x_wconf 84' lang='lat' dir='ltr'>nominatur</span> <span class='ocrx_word' id='word_1_307' title='bbox 1969 1716 2096 1762; x_wconf 80' lang='lat' dir='ltr'>latine</span> <span class='ocrx_word' id='word_1_308' title='bbox 2109 1720 2304 1764; x_wconf 81' lang='lat' dir='ltr'>Novem-</span> 
     </span>
     <span class='ocr_line' id='line_1_25' title="bbox 103 1780 2318 1844; baseline 0.002 -18"><span class='ocrx_word' id='word_1_309' title='bbox 103 1780 204 1835; x_wconf 87' lang='lat' dir='ltr'>ber,</span> <span class='ocrx_word' id='word_1_310' title='bbox 240 1781 280 1826; x_wconf 78' lang='lat'>&amp;</span> <span class='ocrx_word' id='word_1_311' title='bbox 303 1780 444 1826; x_wconf 85' lang='lat' dir='ltr'>nostra</span> <span class='ocrx_word' id='word_1_312' title='bbox 473 1781 619 1841; x_wconf 76' lang='lat' dir='ltr'>lingua</span> <span class='ocrx_word' id='word_1_313' title='bbox 646 1780 960 1830; x_wconf 77' lang='lat' dir='ltr'>blodmonatlz:</span> <span class='ocrx_word' id='word_1_314' title='bbox 995 1799 1095 1827; x_wconf 82' lang='lat' dir='ltr'>nam</span> <span class='ocrx_word' id='word_1_315' title='bbox 1123 1784 1311 1827; x_wconf 83' lang='lat' dir='ltr'>maiores</span> <span class='ocrx_word' id='word_1_316' title='bbox 1340 1780 1496 1838; x_wconf 87' lang='lat' dir='ltr'>nostri,</span> <span class='ocrx_word' id='word_1_317' title='bbox 1531 1799 1668 1842; x_wconf 87' lang='lat' dir='ltr'>quum</span> <span class='ocrx_word' id='word_1_318' title='bbox 1699 1785 1858 1844; x_wconf 80' lang='lat' dir='ltr'>pagani</span> <span class='ocrx_word' id='word_1_319' title='bbox 1886 1799 2028 1840; x_wconf 84' lang='lat' dir='ltr'>erant,</span> <span class='ocrx_word' id='word_1_320' title='bbox 2057 1784 2135 1829; x_wconf 86' lang='lat' dir='ltr'>illo</span> <span class='ocrx_word' id='word_1_321' title='bbox 2164 1782 2318 1831; x_wconf 88' lang='lat' dir='ltr'>mense·</span> 
     </span>
     <span class='ocr_line' id='line_1_26' title="bbox 103 1844 2307 1911; baseline 0.001 -17"><span class='ocrx_word' id='word_1_322' title='bbox 103 1845 308 1894; x_wconf 80' lang='lat' dir='ltr'>sacrificia</span> <span class='ocrx_word' id='word_1_323' title='bbox 336 1844 410 1892; x_wconf 88' lang='lat' dir='ltr'>sua</span> <span class='ocrx_word' id='word_1_324' title='bbox 443 1847 729 1908; x_wconf 71' lang='lat' dir='ltr'>peragebant,</span> <span class='ocrx_word' id='word_1_325' title='bbox 747 1848 850 1894; x_wconf 74' lang='lat' dir='ltr'>vhoc</span> <span class='ocrx_word' id='word_1_326' title='bbox 884 1847 964 1904; x_wconf 84' lang='lat' dir='ltr'>est,</span> <span class='ocrx_word' id='word_1_327' title='bbox 997 1847 1237 1894; x_wconf 70' lang='lat' dir='ltr'>offerebant</span> <span class='ocrx_word' id='word_1_328' title='bbox 1257 1847 1298 1893; x_wconf 69' lang='grc' dir='ltr'>ἃ</span> <span class='ocrx_word' id='word_1_329' title='bbox 1326 1848 1573 1908; x_wconf 86' lang='lat' dir='ltr'>pendebant</span> <span class='ocrx_word' id='word_1_330' title='bbox 1595 1846 1668 1894; x_wconf 86' lang='lat' dir='ltr'>sua</span> <span class='ocrx_word' id='word_1_331' title='bbox 1696 1867 1876 1895; x_wconf 87' lang='lat' dir='ltr'>munera</span> <span class='ocrx_word' id='word_1_332' title='bbox 1907 1848 2197 1905; x_wconf 69' lang='lat' dir='ltr'>idololatr-ica,</span> <span class='ocrx_word' id='word_1_333' title='bbox 2233 1867 2307 1911; x_wconf 83' lang='lat' dir='ltr'>pe-</span> 
     </span>
     <span class='ocr_line' id='line_1_27' title="bbox 104 1912 2307 1976; baseline 0.002 -15"><span class='ocrx_word' id='word_1_334' title='bbox 104 1931 205 1961; x_wconf 85' lang='lat' dir='ltr'>cora</span> <span class='ocrx_word' id='word_1_335' title='bbox 234 1930 415 1974; x_wconf 86' lang='lat' dir='ltr'>nempe,</span> <span class='ocrx_word' id='word_1_336' title='bbox 449 1931 546 1972; x_wconf 82' lang='lat' dir='ltr'>quae</span> <span class='ocrx_word' id='word_1_337' title='bbox 575 1914 782 1961; x_wconf 86' lang='lat' dir='ltr'>volebanr</span> <span class='ocrx_word' id='word_1_338' title='bbox 808 1912 1041 1961; x_wconf 81' lang='lat' dir='ltr'>sacrificare</span> <span class='ocrx_word' id='word_1_339' title='bbox 1123 1915 1243 1960; x_wconf 86' lang='lat' dir='ltr'>Idem</span> <span class='ocrx_word' id='word_1_340' title='bbox 1271 1931 1395 1959; x_wconf 87' lang='lat' dir='ltr'>error</span> <span class='ocrx_word' id='word_1_341' title='bbox 1422 1917 1552 1961; x_wconf 87' lang='lat' dir='ltr'>etiam</span> <span class='ocrx_word' id='word_1_342' title='bbox 1582 1913 1744 1962; x_wconf 82' lang='lat' dir='ltr'>inscitia</span> <span class='ocrx_word' id='word_1_343' title='bbox 1771 1915 2051 1962; x_wconf 82' lang='lat' dir='ltr'>librariorum</span> <span class='ocrx_word' id='word_1_344' title='bbox 2083 1917 2201 1976; x_wconf 89' lang='lat' dir='ltr'>apud</span> <span class='ocrx_word' id='word_1_345' title='bbox 2221 1918 2307 1965; x_wconf 80' lang='lat' dir='ltr'>Be-</span> 
     </span>
     <span class='ocr_line' id='line_1_28' title="bbox 103 1978 2310 2042; baseline 0.001 -14"><span class='ocrx_word' id='word_1_346' title='bbox 103 1979 210 2028; x_wconf 84' lang='lat' dir='ltr'>dam</span> <span class='ocrx_word' id='word_1_347' title='bbox 240 1978 426 2040; x_wconf 82' lang='lat' dir='ltr'>irrepsit,</span> <span class='ocrx_word' id='word_1_348' title='bbox 459 1982 517 2026; x_wconf 86' lang='lat' dir='ltr'>ita</span> <span class='ocrx_word' id='word_1_349' title='bbox 545 1995 713 2035; x_wconf 82' lang='lat' dir='ltr'>tamen,</span> <span class='ocrx_word' id='word_1_350' title='bbox 749 1997 798 2026; x_wconf 92' lang='lat' dir='ltr'>ut</span> <span class='ocrx_word' id='word_1_351' title='bbox 822 1982 940 2042; x_wconf 86' lang='lat' dir='ltr'>apud</span> <span class='ocrx_word' id='word_1_352' title='bbox 972 1998 1075 2026; x_wconf 91' lang='lat' dir='ltr'>eum</span> <span class='ocrx_word' id='word_1_353' title='bbox 1103 1979 1392 2028; x_wconf 80' lang='lat' dir='ltr'>blotlzmonaa&#39;</span> <span class='ocrx_word' id='word_1_354' title='bbox 1425 1997 1643 2027; x_wconf 81' lang='lat' dir='ltr'>exaratum</span> <span class='ocrx_word' id='word_1_355' title='bbox 1671 1983 1931 2029; x_wconf 78' lang='lat' dir='ltr'>inveniatur.</span> <span class='ocrx_word' id='word_1_356' title='bbox 2026 1983 2173 2028; x_wconf 89' lang='lat' dir='ltr'>Codex</span> <span class='ocrx_word' id='word_1_357' title='bbox 2204 2000 2310 2042; x_wconf 77' lang='lat' dir='ltr'>vero</span> 
     </span>
     <span class='ocr_line' id='line_1_29' title="bbox 103 2043 2312 2109; baseline 0.003 -16"><span class='ocrx_word' id='word_1_358' title='bbox 103 2045 373 2107; x_wconf 85' lang='lat' dir='ltr'>Ulphilanus</span> <span class='ocrx_word' id='word_1_359' title='bbox 399 2043 630 2092; x_wconf 89' lang='lat' dir='ltr'>discrimen</span> <span class='ocrx_word' id='word_1_360' title='bbox 647 2047 734 2093; x_wconf 86' lang='lat' dir='ltr'>hoc</span> <span class='ocrx_word' id='word_1_361' title='bbox 755 2063 950 2094; x_wconf 89' lang='lat' dir='ltr'>accurate</span> <span class='ocrx_word' id='word_1_362' title='bbox 962 2044 1180 2104; x_wconf 82' lang='lat' dir='ltr'>observat,</span> <span class='ocrx_word' id='word_1_363' title='bbox 1215 2060 1265 2094; x_wconf 89' lang='lat' dir='ltr'>ut</span> <span class='ocrx_word' id='word_1_364' title='bbox 1286 2044 1430 2104; x_wconf 78' lang='lat' dir='ltr'>blotlz,</span> <span class='ocrx_word' id='word_1_365' title='bbox 1468 2046 1732 2109; x_wconf 84' lang='lat' dir='ltr'>sanguinem,</span> <span class='ocrx_word' id='word_1_366' title='bbox 1769 2049 1889 2094; x_wconf 86' lang='lat' dir='ltr'>litera</span> <span class='ocrx_word' id='word_1_367' title='bbox 1911 2045 1960 2095; x_wconf 84' lang='lat' dir='ltr'>tlz</span> <span class='ocrx_word' id='word_1_368' title='bbox 1982 2063 2134 2103; x_wconf 84' lang='lat' dir='ltr'>exaret,</span> <span class='ocrx_word' id='word_1_369' title='bbox 2157 2047 2312 2099; x_wconf 84' lang='lat' dir='ltr'>blotan</span> 
     </span>
     <span class='ocr_line' id='line_1_30' title="bbox 104 2110 2159 2180; baseline 0.001 -22"><span class='ocrx_word' id='word_1_370' title='bbox 104 2129 209 2159; x_wconf 89' lang='lat' dir='ltr'>vero</span> <span class='ocrx_word' id='word_1_371' title='bbox 233 2124 251 2159; x_wconf 91' lang='lat' dir='ltr'>t</span> <span class='ocrx_word' id='word_1_372' title='bbox 267 2111 470 2172; x_wconf 73' lang='lat' dir='ltr'>simplici.</span> <span class='ocrx_word' id='word_1_373' title='bbox 538 2110 744 2167; x_wconf 78' lang='lat' dir='ltr'>Conferri</span> <span class='ocrx_word' id='word_1_374' title='bbox 772 2129 980 2174; x_wconf 88' lang='lat' dir='ltr'>poterunt</span> <span class='ocrx_word' id='word_1_375' title='bbox 1003 2114 1136 2162; x_wconf 86' lang='lat' dir='ltr'>Erici</span> <span class='ocrx_word' id='word_1_376' title='bbox 1154 2111 1259 2178; x_wconf 83' lang='lat' dir='ltr'>Jul.</span> <span class='ocrx_word' id='word_1_377' title='bbox 1283 2115 1498 2162; x_wconf 68' lang='lat' dir='ltr'>Bibrneri</span> <span class='ocrx_word' id='word_1_378' title='bbox 1526 2117 1657 2176; x_wconf 79' lang='lat' dir='ltr'>cogit,</span> <span class='ocrx_word' id='word_1_379' title='bbox 1678 2116 1828 2162; x_wconf 83' lang='lat' dir='ltr'>critico</span> <span class='ocrx_word' id='word_1_380' title='bbox 1859 2114 2159 2180; x_wconf 81' lang='lat' dir='ltr'>philolcgicae.</span> 
     </span>
    </p>

    <p class='ocr_par' dir='ltr' id='par_1_3' title="bbox 1137 2195 1289 2227">
     <span class='ocr_line' id='line_1_31' title="bbox 1137 2195 1289 2227; baseline 0.013 -2"><span class='ocrx_word' id='word_1_381' title='bbox 1137 2197 1182 2226; x_wconf 83' lang='lat' dir='ltr'>v.</span> <span class='ocrx_word' id='word_1_382' title='bbox 1243 2195 1289 2227; x_wconf 86' lang='lat'>2.</span> 
     </span>
    </p>

    <p class='ocr_par' dir='ltr' id='par_1_4' title="bbox 100 2241 2313 2975">
     <span class='ocr_line' id='line_1_32' title="bbox 309 2241 2310 2307; baseline 0.002 -15"><span class='ocrx_word' id='word_1_383' title='bbox 309 2241 360 2302; x_wconf 87' lang='lat' dir='ltr'>k)</span> <span class='ocrx_word' id='word_1_384' title='bbox 405 2241 564 2292; x_wconf 73' lang='lat' dir='ltr'>Thana</span> <span class='ocrx_word' id='word_1_385' title='bbox 601 2243 807 2307; x_wconf 82' lang='lat' dir='ltr'>niujitai,</span> <span class='ocrx_word' id='word_1_386' title='bbox 844 2245 1049 2293; x_wconf 83' lang='lat' dir='ltr'>novitate.</span> <span class='ocrx_word' id='word_1_387' title='bbox 1119 2249 1274 2307; x_wconf 75' lang='lat' dir='ltr'>Quum</span> <span class='ocrx_word' id='word_1_388' title='bbox 1303 2241 1443 2292; x_wconf 73' lang='lat' dir='ltr'>thuna</span> <span class='ocrx_word' id='word_1_389' title='bbox 1468 2243 1517 2290; x_wconf 80' lang='lat' dir='ltr'>sit</span> <span class='ocrx_word' id='word_1_390' title='bbox 1545 2242 1688 2302; x_wconf 81' lang='lat' dir='ltr'>casus,</span> <span class='ocrx_word' id='word_1_391' title='bbox 1733 2262 1867 2304; x_wconf 88' lang='lat' dir='ltr'>quem</span> <span class='ocrx_word' id='word_1_392' title='bbox 1898 2261 2053 2293; x_wconf 87' lang='lat' dir='ltr'>vocant</span> <span class='ocrx_word' id='word_1_393' title='bbox 2081 2248 2310 2296; x_wconf 83' lang='lat' dir='ltr'>Gramma-</span> 
     </span>
     <span class='ocr_line' id='line_1_33' title="bbox 106 2308 2311 2375; baseline 0.002 -18"><span class='ocrx_word' id='word_1_394' title='bbox 106 2311 202 2366; x_wconf 88' lang='lat' dir='ltr'>tici‚</span> <span class='ocrx_word' id='word_1_395' title='bbox 237 2308 526 2357; x_wconf 84' lang='lat' dir='ltr'>accusativi&amp;</span> <span class='ocrx_word' id='word_1_396' title='bbox 548 2308 773 2357; x_wconf 86' lang='lat' dir='ltr'>masculini</span> <span class='ocrx_word' id='word_1_397' title='bbox 800 2312 991 2371; x_wconf 88' lang='lat' dir='ltr'>generis,</span> <span class='ocrx_word' id='word_1_398' title='bbox 1027 2309 1266 2370; x_wconf 81' lang='lat' dir='ltr'>&amp;sequens</span> <span class='ocrx_word' id='word_1_399' title='bbox 1295 2310 1514 2374; x_wconf 69' lang='lat' dir='ltr'>niujithai</span> <span class='ocrx_word' id='word_1_400' title='bbox 1542 2311 1710 2357; x_wconf 86' lang='lat' dir='ltr'>dativus</span> <span class='ocrx_word' id='word_1_401' title='bbox 1730 2308 1987 2368; x_wconf 86' lang='lat' dir='ltr'>femininus,</span> <span class='ocrx_word' id='word_1_402' title='bbox 2023 2309 2192 2359; x_wconf 88' lang='lat' dir='ltr'>facilius</span> <span class='ocrx_word' id='word_1_403' title='bbox 2213 2331 2311 2375; x_wconf 88' lang='lat' dir='ltr'>pet·-</span> 
     </span>
     <span class='ocr_line' id='line_1_34' title="bbox 106 2374 2312 2442; baseline 0.001 -17"><span class='ocrx_word' id='word_1_404' title='bbox 106 2376 270 2438; x_wconf 74' lang='lat' dir='ltr'>spicio,</span> <span class='ocrx_word' id='word_1_405' title='bbox 303 2375 503 2424; x_wconf 83' lang='lat' dir='ltr'>vitiosam</span> <span class='ocrx_word' id='word_1_406' title='bbox 527 2378 624 2423; x_wconf 91' lang='lat' dir='ltr'>heic</span> <span class='ocrx_word' id='word_1_407' title='bbox 643 2377 836 2422; x_wconf 85' lang='lat' dir='ltr'>exhiberi</span> <span class='ocrx_word' id='word_1_408' title='bbox 854 2374 1102 2433; x_wconf 58' lang='lat' dir='ltr'>leelionem,</span> <span class='ocrx_word' id='word_1_409' title='bbox 1138 2394 1270 2437; x_wconf 88' lang='lat' dir='ltr'>quarn</span> <span class='ocrx_word' id='word_1_410' title='bbox 1292 2375 1433 2423; x_wconf 88' lang='lat' dir='ltr'>dicere</span> <span class='ocrx_word' id='word_1_411' title='bbox 1459 2393 1632 2437; x_wconf 83' lang='lat' dir='ltr'>queam,</span> <span class='ocrx_word' id='word_1_412' title='bbox 1667 2395 1753 2437; x_wconf 88' lang='lat' dir='ltr'>qua</span> <span class='ocrx_word' id='word_1_413' title='bbox 1776 2379 1940 2424; x_wconf 86' lang='lat' dir='ltr'>ratione</span> <span class='ocrx_word' id='word_1_414' title='bbox 1961 2377 2010 2424; x_wconf 88' lang='lat' dir='ltr'>sit</span> <span class='ocrx_word' id='word_1_415' title='bbox 2026 2379 2312 2442; x_wconf 78' lang='lat' dir='ltr'>emendanda,</span> 
     </span>
     <span class='ocr_line' id='line_1_35' title="bbox 108 2440 2312 2505; baseline 0.002 -17"><span class='ocrx_word' id='word_1_416' title='bbox 108 2440 347 2504; x_wconf 65' lang='lat' dir='ltr'>praesertim</span> <span class='ocrx_word' id='word_1_417' title='bbox 373 2461 514 2504; x_wconf 88' lang='lat' dir='ltr'>quum</span> <span class='ocrx_word' id='word_1_418' title='bbox 551 2443 796 2505; x_wconf 73' lang='lat' dir='ltr'>praecedens</span> <span class='ocrx_word' id='word_1_419' title='bbox 833 2441 974 2491; x_wconf 79' lang='lat' dir='ltr'>tlzana</span> <span class='ocrx_word' id='word_1_420' title='bbox 1011 2461 1106 2491; x_wconf 90' lang='lat' dir='ltr'>rem</span> <span class='ocrx_word' id='word_1_421' title='bbox 1145 2443 1477 2505; x_wconf 87' lang='lat' dir='ltr'>impeditiorem</span> <span class='ocrx_word' id='word_1_422' title='bbox 1513 2444 1675 2490; x_wconf 87' lang='lat' dir='ltr'>reddat.</span> <span class='ocrx_word' id='word_1_423' title='bbox 1746 2442 1963 2505; x_wconf 88' lang='lat' dir='ltr'>Suspicari</span> <span class='ocrx_word' id='word_1_424' title='bbox 1993 2459 2138 2491; x_wconf 87' lang='lat' dir='ltr'>tamen</span> <span class='ocrx_word' id='word_1_425' title='bbox 2167 2443 2312 2505; x_wconf 88' lang='lat' dir='ltr'>subiit,</span> 
     </span>
     <span class='ocr_line' id='line_1_36' title="bbox 100 2507 2311 2573; baseline 0.001 -15"><span class='ocrx_word' id='word_1_426' title='bbox 100 2509 161 2558; x_wconf 47' lang='grc' dir='ltr'>’τὴ</span> <span class='ocrx_word' id='word_1_427' title='bbox 182 2507 263 2555; x_wconf 79' lang='lat' dir='ltr'>effe</span> <span class='ocrx_word' id='word_1_428' title='bbox 283 2510 483 2556; x_wconf 82' lang='lat' dir='ltr'>ultimam</span> <span class='ocrx_word' id='word_1_429' title='bbox 501 2510 689 2557; x_wconf 84' lang='lat' dir='ltr'>litteram</span> <span class='ocrx_word' id='word_1_430' title='bbox 716 2508 1006 2573; x_wconf 73' lang='lat' dir='ltr'>antecedentis</span> <span class='ocrx_word' id='word_1_431' title='bbox 1026 2511 1253 2557; x_wconf 87' lang='lat' dir='ltr'>cuiusdam</span> <span class='ocrx_word' id='word_1_432' title='bbox 1275 2511 1418 2565; x_wconf 68' lang='grc' dir='ltr'><strong><em>νοεῖς,</em></strong></span> <span class='ocrx_word' id='word_1_433' title='bbox 1453 2510 1495 2556; x_wconf 75' lang='grc' dir='ltr'>ὅ(</span> <span class='ocrx_word' id='word_1_434' title='bbox 1513 2508 1792 2571; x_wconf 81' lang='lat' dir='ltr'>separandam</span> <span class='ocrx_word' id='word_1_435' title='bbox 1814 2528 1844 2569; x_wconf 65' lang='lat' dir='ltr'>a¹</span> <span class='ocrx_word' id='word_1_436' title='bbox 1857 2508 2058 2570; x_wconf 91' lang='lat' dir='ltr'>sequente</span> <span class='ocrx_word' id='word_1_437' title='bbox 2078 2527 2192 2569; x_wconf 83' lang='lat' dir='ltr'>ana,</span> <span class='ocrx_word' id='word_1_438' title='bbox 2225 2530 2311 2572; x_wconf 83' lang='lat' dir='ltr'>qua</span> 
     </span>
     <span class='ocr_line' id='line_1_37' title="bbox 113 2574 2313 2637; baseline 0.002 -15"><span class='ocrx_word' id='word_1_439' title='bbox 113 2578 281 2622; x_wconf 81' lang='lat' dir='ltr'>ratione</span> <span class='ocrx_word' id='word_1_440' title='bbox 301 2577 451 2621; x_wconf 88' lang='lat' dir='ltr'>omnia</span> <span class='ocrx_word' id='word_1_441' title='bbox 467 2575 611 2637; x_wconf 87' lang='lat' dir='ltr'>probe</span> <span class='ocrx_word' id='word_1_442' title='bbox 635 2577 868 2625; x_wconf 77' lang='lat' dir='ltr'>cohaerent.</span> <span class='ocrx_word' id='word_1_443' title='bbox 936 2580 1003 2624; x_wconf 88' lang='lat' dir='ltr'>De</span> <span class='ocrx_word' id='word_1_444' title='bbox 1032 2593 1174 2625; x_wconf 90' lang='lat' dir='ltr'>cetero</span> <span class='ocrx_word' id='word_1_445' title='bbox 1203 2577 1285 2623; x_wconf 89' lang='lat' dir='ltr'>hac</span> <span class='ocrx_word' id='word_1_446' title='bbox 1315 2574 1534 2623; x_wconf 73' lang='lat' dir='ltr'>occasione</span> <span class='ocrx_word' id='word_1_447' title='bbox 1562 2579 1808 2623; x_wconf 85' lang='lat' dir='ltr'>monendus</span> <span class='ocrx_word' id='word_1_448' title='bbox 1837 2576 1893 2623; x_wconf 88' lang='lat' dir='ltr'>est</span> <span class='ocrx_word' id='word_1_449' title='bbox 1920 2575 2054 2624; x_wconf 67' lang='lat' dir='ltr'>lector</span> <span class='ocrx_word' id='word_1_450' title='bbox 2080 2594 2228 2635; x_wconf 88' lang='lat' dir='ltr'>meus,</span> <span class='ocrx_word' id='word_1_451' title='bbox 2258 2596 2313 2626; x_wconf 87' lang='lat' dir='ltr'>ne</span> 
     </span>
     <span class='ocr_line' id='line_1_38' title="bbox 110 2639 2312 2705; baseline 0.002 -16"><span class='ocrx_word' id='word_1_452' title='bbox 110 2659 272 2689; x_wconf 87' lang='lat' dir='ltr'>temere</span> <span class='ocrx_word' id='word_1_453' title='bbox 299 2639 430 2686; x_wconf 85' lang='lat' dir='ltr'>fidem</span> <span class='ocrx_word' id='word_1_454' title='bbox 460 2641 612 2688; x_wconf 85' lang='lat' dir='ltr'>habeat</span> <span class='ocrx_word' id='word_1_455' title='bbox 640 2641 880 2701; x_wconf 80' lang='lat' dir='ltr'>Knittelio,</span> <span class='ocrx_word' id='word_1_456' title='bbox 904 2640 958 2688; x_wconf 60' lang='lat' dir='ltr'>&#39;in</span> <span class='ocrx_word' id='word_1_457' title='bbox 978 2644 1119 2690; x_wconf 88' lang='lat' dir='ltr'>indice</span> <span class='ocrx_word' id='word_1_458' title='bbox 1142 2657 1315 2705; x_wconf 82' lang='lat' dir='ltr'>p.354.</span> <span class='ocrx_word' id='word_1_459' title='bbox 1346 2660 1424 2690; x_wconf 90' lang='lat' dir='ltr'>nec</span> <span class='ocrx_word' id='word_1_460' title='bbox 1454 2660 1542 2689; x_wconf 89' lang='lat' dir='ltr'>non</span> <span class='ocrx_word' id='word_1_461' title='bbox 1565 2640 1687 2704; x_wconf 76' lang='lat' dir='ltr'>praef.</span> <span class='ocrx_word' id='word_1_462' title='bbox 1709 2661 1755 2705; x_wconf 82' lang='lat' dir='ltr'>p.</span> <span class='ocrx_word' id='word_1_463' title='bbox 1775 2658 1848 2704; x_wconf 89' lang='lat'>14.</span> <span class='ocrx_word' id='word_1_464' title='bbox 1879 2643 2072 2702; x_wconf 90' lang='lat' dir='ltr'>docenti,</span> <span class='ocrx_word' id='word_1_465' title='bbox 2107 2644 2217 2691; x_wconf 89' lang='lat' dir='ltr'>adeo</span> <span class='ocrx_word' id='word_1_466' title='bbox 2245 2643 2312 2694; x_wconf 89' lang='lat' dir='ltr'>so-</span> 
     </span>
     <span class='ocr_line' id='line_1_39' title="bbox 110 2707 2309 2773; baseline 0.002 -19"><span class='ocrx_word' id='word_1_467' title='bbox 110 2708 422 2756; x_wconf 74' lang='lat' dir='ltr'>loccismorum</span> <span class='ocrx_word' id='word_1_468' title='bbox 443 2708 617 2768; x_wconf 86' lang='lat' dir='ltr'>plenam</span> <span class='ocrx_word' id='word_1_469' title='bbox 637 2707 715 2754; x_wconf 82' lang='lat' dir='ltr'>effe</span> <span class='ocrx_word' id='word_1_470' title='bbox 737 2709 932 2770; x_wconf 86' lang='lat' dir='ltr'>linguam</span> <span class='ocrx_word' id='word_1_471' title='bbox 955 2725 1151 2756; x_wconf 85' lang='lat' dir='ltr'>veterum</span> <span class='ocrx_word' id='word_1_472' title='bbox 1172 2710 1455 2767; x_wconf 87' lang='lat' dir='ltr'>Gothorum,</span> <span class='ocrx_word' id='word_1_473' title='bbox 1487 2725 1536 2755; x_wconf 92' lang='lat' dir='ltr'>ut</span> <span class='ocrx_word' id='word_1_474' title='bbox 1557 2710 1728 2771; x_wconf 87' lang='lat' dir='ltr'>quidvis</span> <span class='ocrx_word' id='word_1_475' title='bbox 1752 2727 1836 2771; x_wconf 90' lang='lat' dir='ltr'>pro</span> <span class='ocrx_word' id='word_1_476' title='bbox 1855 2712 2009 2769; x_wconf 90' lang='lat' dir='ltr'>quovis</span> <span class='ocrx_word' id='word_1_477' title='bbox 2028 2717 2192 2772; x_wconf 87' lang='lat' dir='ltr'>ponere</span> <span class='ocrx_word' id='word_1_478' title='bbox 2212 2729 2309 2773; x_wconf 83' lang='lat' dir='ltr'>per-</span> 
     </span>
     <span class='ocr_line' id='line_1_40' title="bbox 111 2772 2313 2839; baseline 0.003 -18"><span class='ocrx_word' id='word_1_479' title='bbox 111 2773 300 2829; x_wconf 88' lang='lat' dir='ltr'>miserit;</span> <span class='ocrx_word' id='word_1_480' title='bbox 336 2790 477 2835; x_wconf 87' lang='lat' dir='ltr'>quum</span> <span class='ocrx_word' id='word_1_481' title='bbox 506 2790 605 2820; x_wconf 89' lang='lat' dir='ltr'>vere</span> <span class='ocrx_word' id='word_1_482' title='bbox 634 2772 850 2822; x_wconf 84' lang='lat' dir='ltr'>affirmare</span> <span class='ocrx_word' id='word_1_483' title='bbox 879 2774 1059 2837; x_wconf 76' lang='lat' dir='ltr'>possim,</span> <span class='ocrx_word' id='word_1_484' title='bbox 1093 2777 1212 2823; x_wconf 87' lang='lat' dir='ltr'>illam</span> <span class='ocrx_word' id='word_1_485' title='bbox 1242 2793 1332 2822; x_wconf 90' lang='lat' dir='ltr'>non</span> <span class='ocrx_word' id='word_1_486' title='bbox 1361 2778 1507 2823; x_wconf 88' lang='lat' dir='ltr'>minus</span> <span class='ocrx_word' id='word_1_487' title='bbox 1527 2777 1772 2838; x_wconf 83' lang='lat' dir='ltr'>regularem</span> <span class='ocrx_word' id='word_1_488' title='bbox 1796 2794 1844 2823; x_wconf 86' lang='lat' dir='ltr'>ac</span> <span class='ocrx_word' id='word_1_489' title='bbox 1863 2774 2016 2821; x_wconf 88' lang='lat' dir='ltr'>castam</span> <span class='ocrx_word' id='word_1_490' title='bbox 2037 2775 2140 2834; x_wconf 84' lang='lat' dir='ltr'>effe,</span> <span class='ocrx_word' id='word_1_491' title='bbox 2177 2795 2313 2839; x_wconf 87' lang='lat' dir='ltr'>quam</span> 
     </span>
     <span class='ocr_line' id='line_1_41' title="bbox 115 2840 2313 2908; baseline 0.003 -21"><span class='ocrx_word' id='word_1_492' title='bbox 115 2841 357 2901; x_wconf 87' lang='lat' dir='ltr'>quamlibet</span> <span class='ocrx_word' id='word_1_493' title='bbox 381 2858 553 2897; x_wconf 88' lang='lat' dir='ltr'>earum,</span> <span class='ocrx_word' id='word_1_494' title='bbox 589 2857 695 2900; x_wconf 87' lang='lat' dir='ltr'>quas</span> <span class='ocrx_word' id='word_1_495' title='bbox 718 2841 905 2888; x_wconf 85' lang='lat' dir='ltr'>eruditas</span> <span class='ocrx_word' id='word_1_496' title='bbox 927 2860 1202 2904; x_wconf 84' lang='lat' dir='ltr'>nuncupare,</span> <span class='ocrx_word' id='word_1_497' title='bbox 1233 2860 1332 2889; x_wconf 89' lang='lat' dir='ltr'>mos</span> <span class='ocrx_word' id='word_1_498' title='bbox 1351 2841 1427 2891; x_wconf 84' lang='lat' dir='ltr'>est.</span> <span class='ocrx_word' id='word_1_499' title='bbox 1497 2846 1562 2889; x_wconf 87' lang='lat' dir='ltr'>Ut</span> <span class='ocrx_word' id='word_1_500' title='bbox 1581 2859 1684 2889; x_wconf 82' lang='lat' dir='ltr'>vcro</span> <span class='ocrx_word' id='word_1_501' title='bbox 1704 2843 1814 2889; x_wconf 87' lang='lat' dir='ltr'>hanc</span> <span class='ocrx_word' id='word_1_502' title='bbox 1834 2840 1913 2903; x_wconf 87' lang='lat' dir='ltr'>ipsi</span> <span class='ocrx_word' id='word_1_503' title='bbox 1938 2842 2112 2889; x_wconf 87' lang='lat' dir='ltr'>laudem</span> <span class='ocrx_word' id='word_1_504' title='bbox 2135 2841 2313 2908; x_wconf 83' lang='lat' dir='ltr'>deroget</span> 
     </span>
     <span class='ocr_line' id='line_1_42' title="bbox 116 2905 2311 2975; baseline 0 -17"><span class='ocrx_word' id='word_1_505' title='bbox 116 2909 389 2966; x_wconf 79' lang='lat' dir='ltr'>Knittelius‚</span> <span class='ocrx_word' id='word_1_506' title='bbox 424 2905 573 2955; x_wconf 84' lang='lat' dir='ltr'>testem</span> <span class='ocrx_word' id='word_1_507' title='bbox 594 2906 794 2969; x_wconf 66' lang='lat' dir='ltr'>{appellat</span> <span class='ocrx_word' id='word_1_508' title='bbox 818 2922 908 2956; x_wconf 86' lang='lat' dir='ltr'>tam</span> <span class='ocrx_word' id='word_1_509' title='bbox 939 2905 1184 2974; x_wconf 69' lang='lat' dir='ltr'>Ulphiiam</span> <span class='ocrx_word' id='word_1_510' title='bbox 1209 2911 1513 2975; x_wconf 81' lang='lat' dir='ltr'>illustratum,</span> <span class='ocrx_word' id='word_1_511' title='bbox 1548 2908 1627 2955; x_wconf 85' lang='lat' dir='ltr'>ubi</span> <span class='ocrx_word' id='word_1_512' title='bbox 1658 2907 1929 2966; x_wconf 73' lang='lat' dir='ltr'>observatur,</span> <span class='ocrx_word' id='word_1_513' title='bbox 1964 2910 2122 2956; x_wconf 84' lang='lat' dir='ltr'>Matth.</span> <span class='ocrx_word' id='word_1_514' title='bbox 2148 2924 2232 2971; x_wconf 87' lang='lat'>27,</span> <span class='ocrx_word' id='word_1_515' title='bbox 2272 2929 2311 2959; x_wconf 85' lang='lat'>1.</span> 
     </span>
    </p>

    <p class='ocr_par' dir='ltr' id='par_1_5' title="bbox 1194 2978 2312 3026">
     <span class='ocr_line' id='line_1_43' title="bbox 1194 2978 2312 3026; baseline 0.002 -4"><span class='ocrx_word' id='word_1_516' title='bbox 1194 2978 1235 3022; x_wconf 90' lang='lat' dir='ltr'>O</span> <span class='ocrx_word' id='word_1_517' title='bbox 1273 2989 1303 3026; x_wconf 80' lang='lat'><strong>2</strong></span> <span class='ocrx_word' id='word_1_518' title='bbox 1924 3014 1926 3017; x_wconf 87' lang='lat'><em>-</em></span> <span class='ocrx_word' id='word_1_519' title='bbox 2147 2997 2153 3004; x_wconf 83' lang='grc'>’</span> <span class='ocrx_word' id='word_1_520' title='bbox 2192 2979 2312 3025; x_wconf 54' lang='lat' dir='ltr'>*dati-</span> 
     </span>
    </p>
   </div>
  </div>
 </body>
</html>
