2473 3380
179 127 240 175 ει
675 82 678 85 ’
856 101 1645 163 EVANGELJUM

179 229 243 277 ib.
271 226 334 272 ith
363 239 425 271 nu
440 219 659 290 gafulgin
686 221 733 283 n)
764 216 815 266 ist
838 216 964 266 faura
994 233 1162 283 augam
1193 217 1238 278 o)
1315 215 1380 265 ib.
1404 216 1487 263 Sed
1508 232 1622 263 nunc
1639 211 1941 277 absconditum
1960 214 2019 262 est
2034 213 2088 264 ab
2116 215 2253 263 oculis
2272 218 2373 265 tuis,

242 292 472 339 theinaim.

181 373 243 423 43
292 358 425 405 thatei
447 353 659 416 quimand
687 352 820 413 dagos
843 366 934 399 ana
956 346 1061 398 thus
1080 350 1136 415 p)
1171 347 1244 410 jah
1319 360 1402 410 43.
1439 347 1574 411 Qod
1590 349 1760 396 venient
1780 348 1870 397 dies
1889 347 2017 411 super
2038 364 2102 409 te,
2131 348 2173 395 δι
2194 348 2377 394 circum·

252 421 515 490 bigraband
553 422 610 486 q)
645 415 825 486 fijands
866 413 1036 464 theinai
1073 413 1249 481 grabai
1387 408 1559 459 fodient
1579 428 1620 460 te
1639 416 1806 461 inimici
1824 417 1890 462 tui
1909 413 2035 467 foss'a,
2068 416 2111 461 ἃ
2132 413 2373 460 circumsta-

250 490 374 539 thuk.
407 486 489 551 jalz
525 482 794 550 bistandand
822 484 870 543 r)
919 481 1045 530 thuk.
1076 482 1149 545 jah
1181 482 1245 530 bi·
1389 479 1500 527 bunt
1517 495 1582 539 te,
1615 480 1657 528 ὅ(
1677 482 2018 543 circumcingent
2039 496 2079 529 te
2099 480 2310 541 undique.

252 555 464 616 waibjand
491 551 600 599 thuk
619 548 836 599 allatlzro.
857 549 904 611 s)

183 638 262 684 45.
317 621 560 680 uswairpan
608 616 735 663 thans
800 613 1135 679 frabugjandans
1193 615 1244 667 in
1318 627 1400 674 45.
1432 612 1600 660 Eiicere
1627 611 1857 661 vendentes
1884 616 1930 661 in
1956 630 2028 665 eo.

247 689 355 736 izai.
389 685 428 740 t)

181 756 264 816 46.
297 747 553 816 quithands.
580 746 633 809 v)
664 750 727 798 St.
751 747 1055 808 quithandans.
1317 753 1400 807 46.
1434 748 1609 797 Dicens.

181 832 264 881 47.
296 815 568 884 auhmistans
593 814 656 878 x)
682 815 882 882 gudjans
923 816 972 880 y)
1317 827 1400 873 47.
1436 814 1610 861 Summi
1643 810 1908 860 Sacerdotes.

182 893 262 946 48.
299 886 507 949 managei
539 881 590 946 z)
627 881 712 928 auk
758 879 907 945 alakjo
948 877 1149 932 habaida
1188 880 1242 944 ἡ“)
1317 890 1398 940 48.
1431 880 1675 926 Multitudo
1697 885 1813 924 enim
1831 878 1978 924 omnis
1995 873 2375 940 pendebat(abe0)

247 951 308 998 du
337 950 518 1011 hausjan
552 951 704 997 imma.
1385 947 1440 993 ad
1463 947 1727 993 audiendum
1752 962 1869 993 eum.

587 1018 697 1075 Cap.
728 1016 822 1063 XX.
1726 1014 1837 1073 Cap.
1880 1013 1973 1062 XX.

189 1102 228 1131 x.
261 1082 372 1129 mith
401 1081 771 1146 thaimfiniflam.
792 1083 838 1140 a)
1321 1094 1366 1129 Ι.
1403 1081 1516 1125 Cum
1552 1077 1809 1127 senioribus.

184 1166 230 1212 3.
266 1144 589 1212 andbaſjands.
618 1145 676 1205 b)
719 1150 780 1193 St.
810 1139 1109 1210 andhafjadns.
1322 1161 1366 1207 3.
1405 1143 1699 1205 Respondeas.

183 1215 245 1266 ib.
268 1212 480 1278 fraihna.
501 1217 542 1274 c)
577 1214 625 1260 St
651 1209 804 1260 fraino.
1316 1211 1377 1258 ib.
1416 1210 1713 1269 Interrogalm,

190 1297 230 1343 5.
265 1278 527 1329 tlzalztedun.
551 1278 608 1342 d)
640 1282 710 1326 ³St.
739 1277 1008 1328 thahdedun.
1325 1292 1362 1336 5.
1402 1276 1678 1336 Cogitabam.

187 1351 234 1396 6.
268 1348 542 1413 triggwaba.
570 1349 612 1408 e)
643 1349 699 1396 St.
722 1344 975 1406 tringwaba.
1323 1350 1370 1393 6.
1406 1343 1631 1390 Firmiter.

2327 1417 2376 1463 7·

235 1543 278 1593 n)
300 1542 338 1593 J.
360 1540 393 1578 8<
415 1540 456 1578 St
488 1546 682 1588 corrupte:
706 1534 884 1588 gofialgin.
912 1535 1043 1575 Ambo
1063 1546 1192 1574 autem
1210 1537 1249 1574 in
1270 1533 1482 1583 Glossariis,
1503 1535 1648 1589 gafilgin
1665 1535 1731 1574 sub
1759 1551 1843 1576 vera
1868 1537 1990 1577 radice
1993 1536 2139 1590 fitlgin,
2167 1537 2377 1584 occultum,

287 1589 586 1642 undefnllzsry'a,
613 1588 738 1635 idem,
767 1590 874 1626 cuius
893 1589 1030 1627 natales
1051 1590 1083 1627 ὅ(
1108 1588 1292 1628 familiam
1311 1590 1500 1641 eleganter
1518 1588 1602 1628 (ime
1620 1589 1772 1628 exhibet
1789 1590 2062 1636 Siernlzielmius,
2088 1594 2134 1632 L.
2152 1604 2182 1629 c.
2204 1605 2241 1643 p.
2263 1601 2324 1638 54.

235 1648 271 1698 ο)
296 1645 401 1685 Editi
416 1656 539 1695 augam
555 1655 568 1688 ς
596 1652 632 1681 at
660 1641 991 1693 quemadmodum
1017 1640 1063 1680 ab
1087 1640 1222 1689 hairto,
1251 1641 1422 1688 hairtam,
1458 1641 1552 1681 Luc.
1574 1653 1609 1690 ς,
1631 1657 1690 1683 22.
1711 1656 1733 1681 a
1750 1655 1861 1691 mato,
1895 1655 2070 1692 wanmm,
2097 1641 2238 1684 Matth.
2261 1650 2294 1691 8,
2316 1654 2377 1690 32·

285 1698 335 1738 fic
354 1709 508 1749 quoque
527 1695 572 1734 ab
591 1708 700 1747 ango,
727 1708 871 1747 augam,
907 1693 1044 1734 Matth,
1065 1705 1100 1745 9,
1122 1706 1182 1744 29.

229 1753 275 1804 p)
303 1751 407 1791 Editi
424 1748 534 1794 thuk,
562 1748 659 1786 recle
670 1761 681 1794 3
709 1748 849 1799 quippe
869 1760 962 1786 cum
982 1746 1190 1800 praepofitio
1209 1760 1276 1785 ana
1290 1758 1500 1799 utrumpue
1519 1745 1646 1787 casum
1664 1747 1853 1787 admittat.

235 1825 279 1877 q)
306 1823 410 1863 Editi
437 1819 495 1859 iah
524 1817 632 1858 barra
659 1841 835 1849 -----
864 1818 928 1858 sed
955 1817 1149 1872 bigraband
1177 1819 1368 1871 perspicue
1394 1820 1513 1858 oritur
1538 1832 1558 1857 a
1582 1817 1633 1866 bi,
1668 1820 1766 1870 mel,
1802 1820 1967 1866 circum,
2004 1819 2039 1858 8(
2059 1818 2221 1873 graban,
2246 1822 2376 1863 Sueth.

240 1874 244 1877 ’
284 1879 463 1930 gra-swa,
490 1871 638 1920 fodere,
665 1872 788 1919 unde,
818 1885 864 1911 ex
889 1873 1061 1923 analogia
1087 1871 1386 1910 declinationum
1413 1870 1638 1911 Substantiv.
1663 1874 1703 1911 in
1729 1873 1850 1920 resto,
1868 1871 1983 1925 graba
1997 1873 2057 1912 vel
2075 1871 2206 1925 graba,
2234 1875 2268 1913 8<
2288 1875 2380 1915 hinc

287 1927 444 1968 accusat.
465 1926 597 1977 plural.
610 1923 755 1978 grobos,
782 1925 798 1974 (
825 1938 868 1964 ro
894 1938 972 1976 quo
997 1926 1052 1964 St.
1080 1925 1120 1963 in
1147 1924 1289 1964 Gloss‘ar
1319 1939 1356 1976 p.
1380 1936 1464 1972 14¹·
1495 1938 1542 1963 ex
1564 1925 1648 1964 loco
1676 1927 1845 1978 integro,
1875 1925 2015 1965 Matth.
2040 1932 2073 1971 8,
2097 1938 2158 1964 20.
2184 1925 2250 1979 sup
2281 1927 2377 1968 osuit

288 1979 422 2030 trobos)
440 1977 557 2018 Sueth
571 1991 682 2030 grop,
706 1939 822 2030 grffl:
839 1978 956 2030 grfft‚
985 1977 1112 2024 fovea,
1145 1976 1255 2024 fossa,
1281 1975 1507 2028 sepulcrum.
1528 1979 1637 2017 Plura
1655 1978 1740 2018 vide
1763 1979 1864 2031 apud
1892 1977 2063 2016 Wachter
2093 1978 2133 2017 in
2152 1941 2276 2019 Glofli’
2288 1982 2322 2020 8<
2342 1995 2377 2021 v.

284 2031 430 2087 graben.
459 2032 493 2069 8<
523 2031 565 2069 in
587 2029 693 2067 Anal.
726 2029 817 2081 Ulplz
857 2029 949 2070 Diff.
983 2042 1012 2068 1.
1039 2030 1086 2068 ad
1110 2028 1242 2069 finem.
1266 2031 1417 2069 Latium
1445 2029 1605 2071 anostro
1626 2030 1752 2085 grobos
1769 2030 1980 2084 praepofita,
2005 2032 2065 2070 uti
2082 2029 2193 2084 saepe,
2219 2031 2247 2071 S
2260 2032 2378 2083 litera,

278 2087 373 2139 firof‘
383 2099 398 2122 s
415 2084 504 2123 fecit
515 2112 525 2130 ‚
554 2083 661 2121 cuius
682 2083 783 2120 vocis
810 2084 999 2133 originem
1017 2083 1103 2121 alias
1120 2082 1252 2122 frustra
1270 2082 1492 2134 quaefiveris.
2204 2085 2206 2088 ’
2368 2089 2370 2091 “

238 2140 278 2188 r)
305 2137 574 2190 Supplevimus
591 2133 735 2173 vel-stim
755 2148 801 2173 ex
820 2135 963 2175 Codice
981 2134 1118 2174 nostre.
1137 2138 1179 2175 Β,
1201 2137 1292 2188 legit
1308 2134 1526 2186 bistandand,
1554 2137 1595 2174 in
1614 2137 1722 2176 cuius
1746 2137 1878 2176 locum
1898 2136 2000 2176 Edw.
2021 2135 2093 2182 Lye
2107 2150 2173 2188 per
2190 2137 2378 2182 coniectu-

221 2230 223 2232 ,
289 2204 370 2230 ram
391 2190 490 2228 rcRe
508 2187 696 2227 substituit
714 2187 936 2238 bistandand,
964 2187 1124 2239 Angloss
1145 2186 1312 2238 hestoa'on.
1333 2188 1397 2227 cfr.
1422 2188 1522 2227 Edit.
1542 2188 1651 2227 Rem.
1667 2202 1701 2240 p.
1725 2196 1817 2237 284.
1844 2191 1877 2228 8(
1896 2189 2008 2238 Junii
2023 2186 2146 2233 Gloss‘.
2162 2190 2204 2231 in
2221 2203 2325 2232 voce.

232 2244 264 2289 s)
289 2247 313 2296 J
344 2245 377 2281 8<
397 2244 450 2281 St.
473 2240 682 2280 excludunt
701 2253 834 2278 vocem
857 2240 1014 2279 allathro.
1037 2253 1112 2291 qua
1133 2240 1181 2279 de
1199 2254 1229 2278 v.
1261 2242 1429 2293 Specim.
1450 2240 1568 2283 Gloss.
1587 2241 1703 2293 Ulph.
1731 2243 1773 2282 in
1787 2240 1949 2294 aljathro.

232 2299 268 2348 t)
293 2296 388 2346 Jun.
406 2295 550 2335 omittit
563 2295 600 2332 in
615 2294 694 2331 izai.
715 2294 766 2332 St.
787 2306 875 2332 vero
895 2294 929 2332 ὃ(
944 2295 987 2334 Β.
1008 2293 1124 2345 probe
1142 2292 1396 2334 restituerunt.

232 2352 273 2401 v)
297 2351 359 2389 Sic
376 2351 412 2402 J
436 2349 470 2387 ὃ(
489 2349 529 2386 Β.
550 2360 621 2385 nec
640 2346 765 2393 aliter,
792 2345 888 2385 salvo
907 2357 1086 2385 manente
1106 2345 1231 2391 stnffi,
1258 2347 1335 2397 legi
1355 2344 1487 2398 potest.
1516 2360 1552 2384 v.
1579 2345 1719 2389 Matth.
1736 2356 1773 2398 9,
1796 2356 1857 2394 30.

230 2404 274 2454 x)
298 2404 337 2441 B.
358 2401 492 2445 restius
513 2400 589 2451 legi
608 2397 757 2438 censent
783 2398 1041 2449 aulzmnistaru5
1066 2398 1150 2438 vide
1179 2407 1307 2437 tamen
1327 2397 1435 2451 supra
1461 2411 1492 2438 c.
1516 2410 1549 2446 3,
1573 2412 1612 2440 π.

227 2457 280 2505 y)
307 2457 341 2508 J.
358 2454 522 2506 judjans.
549 2451 613 2491 cfr.
635 2450 772 2491 Matth.
796 2461 856 2498 27,
875 2451 912 2491 6.

235 2509 274 2558 z)
300 2507 407 2546 Idem
423 2510 594 2559 managai.
615 2506 671 2545 St.
695 2505 729 2543 ὅ(
749 2505 789 2542 B.
807 2502 1018 2542 emendate.

233 2563 272 2613 >“)
298 2556 728 2651 Editigffasisgahahaida)
740 2555 839 2647 Vihde
857 2569 940 2608 quae
957 2569 1080 2609 nuper
1103 2555 1270 2596 diximus
1288 2555 1336 2596 ad
1355 2570 1391 2600 ν.
1415 2568 1479 2605 37.
1496 2556 1665 2597 habaida:
1689 2556 1786 2598 refer
1801 2556 1849 2596 ad
1865 2556 1979 2596 hohan
1988 2587 2000 2606 ,
2027 2557 2157 2600 Sueth.
2174 2558 2306 2613 haenga,
2333 2574 2370 2601 v.

220 2636 223 2637 ν
316 2627 379 2655 zm.
456 2626 478 2651 0
512 2641 521 2651 .
548 2623 589 2649 m
606 2623 697 2649 voce
725 2623 782 2648 zau
809 2638 818 2649 .

233 2613 552 2718 αἵζιβηὶβαὶνη.
583 2662 649 2702 cfr.
677 2661 813 2703 Matth.
835 2672 896 2708 27,
921 2673 938 2706 3
983 2662 1105 2703 Marc.
1128 2669 1162 2710 8,
1184 2673 1246 2704 21.
1273 2661 1475 2705 Descendit
1498 2676 1574 2706 vox
1600 2677 1620 2704 a
1638 2661 1785 2718 fineigs‚
1813 2661 1945 2713 stneX,
1977 2664 2071 2707 Luc.
2091 2674 2127 2715 1,
2151 2670 2210 2709 18·
2229 2673 2275 2706 ut
2289 2666 2371 2708 Lat.

275 2718 428 2771 finiores
446 2716 564 2768 afine.
581 2714 647 2766 fin
665 2716 698 2754 8<
714 2714 774 2766 fin
791 2712 915 2754 nostra
931 2715 976 2756 L.
996 2713 1122 2756 serum
1138 2725 1258 2756 notat.
2151 2720 2154 2722 ’
2248 2734 2257 2740 ἡ·

232 2770 268 2819 b)
295 2773 355 2810 Sic
389 2784 424 2810 v.
445 2771 539 2819 Jan.
561 2768 678 2808 Gloff
699 2782 739 2820 p.
759 2775 820 2815 58.

234 2823 266 2871 c)
293 2836 326 2861 v.
353 2822 460 2874 supra
485 2822 532 2861 ad
557 2835 588 2861 c.
615 2833 666 2871 17.
687 2834 721 2859 v⁴
743 2834 806 2859 20.

234 2874 278 2926 d>
306 2875 370 2913 cfr.
394 2889 424 2913 c.
448 2887 479 2921 1,
498 2887 563 2924 29.
592 2876 627 2913 &
655 2888 690 2913 v.
715 2873 848 2912 thahta.

237 2927 273 2978 e)
299 2929 354 2967 Ita
372 2929 408 2979 J.
429 2929 464 2967 ὃ(
483 2928 524 2967 Β.
546 2940 567 2967 a
582 2929 749 2981 triggws,
777 2924 884 2978 quod
902 2924 987 2967 vide
1008 2935 1115 2967 antea
1132 2940 1165 2968 c.
1190 2926 1250 2976 16,
1270 2939 1330 2968 10.
