2473 3380
797 100 1731 185 ANNoTATIONES.
2197 150 2288 202 113

101 259 234 306 quam
253 261 277 291 a
297 246 346 293 m·
359 243 534 291 immer.
558 239 641 290 &m
709 241 791 288 Sed
814 242 902 289 haee
932 244 1029 290 licet
1047 245 1104 291 ita
1123 243 1222 304 fiat,
1246 262 1346 303 ,non
1373 259 1518 294 tamen
1547 242 1797 306 promiscue
1824 244 2042 293 eiusmodi
2070 245 2291 296 brevitatis

101 312 182 358 ulli
204 312 360 357 horum
380 308 658 370 populorum
678 306 851 354 studiofi
873 305 1020 366 fuiffe,
1054 311 1471 362 animadvertuntur.
1526 312 1631 358 Vidi
1654 312 1833 371 quidem
1854 311 1936 360 Fr.
1955 312 2151 379 Junium
2173 315 2292 364 aliud

101 375 268 424 craseos
293 376 541 436 exemplum
570 371 760 431 adferre,
794 373 952 422 scilicet
979 374 1228 439 viffielzthan
1254 379 1426 441 Joh.6,
1462 381 1542 440 64.
1579 379 1621 425 ὅ(
1663 386 1742 435 18,
1780 390 1822 427 2.
1859 380 1980 439 quod
2008 379 2198 441 positum
2227 400 2293 430 ar-

103 442 397 502 bitraturpro
425 439 535 503 vffz
564 441 606 487 ἃ
635 440 839 489 uhtlzan:
891 440 964 488 sed
996 444 1126 503 longe
1154 445 1310 490 melius
1347 443 1620 493 reverendiss'.
1651 445 1909 505 mazeum,
1944 448 2021 509 qui
2055 448 2100 492 in
2129 464 2295 509 nupera

109 508 314 574 Ulphilae
334 507 524 554 editione
541 508 776 568 utrobique
795 525 947 554 vocem
969 508 1136 555 divifim
1154 511 1278 570 legit,
1313 514 1358 557 vi
1395 510 1452 559 ull
1479 509 1621 560 than:
1654 510 1714 560 ult
1741 528 1900 573 nempe
1926 512 2180 573 euphonico
2207 531 2293 575 pro

100 592 129 623 a
147 572 302 636 posito.
373 574 498 636 Quid
526 576 670 633 itaque
690 575 742 621 de
761 574 843 621 hac
862 573 1003 621 nostra
1030 591 1133 620 voce
1154 574 1427 623 statuendum
1455 578 1567 627 erit?
1611 580 1728 638 Ego,
1763 595 1813 624 ut
1832 581 1918 624 iam
1937 578 2014 624 diu
2039 581 2144 625 aciei
2164 579 2298 630 Knit-

97 643 269 689 telianoe
295 636 582 687 diffidendum
618 643 840 702 comperi,
874 642 930 686 ita
952 638 1188 702 suspicatus
1211 639 1330 698 sum,
1366 645 1410 688 in
1432 644 1581 689 codice
1600 642 1896 705 manuscripto
1920 661 2006 705 pro
2033 642 2295 697 thaitltthcm

98 709 226 753 unius
248 705 447 752 litterulae
472 708 779 754 immutatione
797 704 926 754 thailz
945 706 1056 754 than
1077 722 1228 756 extare.
1304 706 1453 756 leailz
1472 725 1573 754 vero
1596 709 1714 756 idem
1736 708 1795 754 est
1813 728 1861 757 ac
1880 708 1991 767 thui,
2001 714 2296 761 nominativus

92 787 252 834 nempe
282 770 399 819 casus
428 773 608 835 pluralis
638 773 807 819 articuli
836 770 1117 835 praepofifiz:
1154 774 1212 819 ita
1243 774 1423 833 quidem
1454 791 1502 821 ut
1520 771 1549 821 b
1578 774 1775 822 additum
1803 776 1870 822 vel
1898 779 2216 837 ponatur‚loco
2236 778 2298 829 ult

91 839 355 899 euphonici‚
391 838 765 899 quemadmodum
794 840 838 883 in
853 836 1062 901 stzmaib,
1097 856 1180 900 pro
1196 837 1426 904 ficmaihu,
1461 858 1505 890 v.
1534 840 1728 903 Hickesii
1759 841 1977 892 Gramm.
2017 843 2154 895 Goth.
2187 850 2298 908 Cap,

92 906 231 953 xvll.
255 903 356 952 Obs.
380 907 460 954 ΙΙΙ.
480 907 546 951 vel
569 908 698 951 etiam
726 921 810 965 pro
836 901 1000 962 thaiei,
1036 906 1101 951 uti
1128 905 1364 954 arbitratur
1393 924 1534 968 nuper
1563 908 1759 952 laudatus
1782 908 2029 957 Benzelizts.
2096 914 2300 960 Occurrit

92 986 197 1016 vero
226 972 377 1018 eadem
402 970 546 1018 ‘haecce
575 987 680 1026 vox,
716 971 782 1016 vel
810 987 938 1017 voces
969 973 1142 1032 potina,
1179 971 1325 1020 Marc.
1350 987 1400 1032 3,
1441 989 1516 1025 ιι.
1549 970 1788 1020 τΙιαιῘιτΙιαη
1823 979 1900 1021 ina
1935 973 2184 1042 gcfiqlzun,
2226 979 2302 1037 illi,

92 1053 235 1097 quum
256 1054 360 1084 eum
378 1038 586 1084 viderent,
622 1038 897 1094 Examinent,
932 1036 1093 1097 quibus
1113 1040 1347 1098 contingit,
1383 1037 1468 1085 suis
1490 1040 1627 1086 oculis
1648 1040 1843 1086 codicem
1864 1038 2076 1102 inspicere
2101 1041 2149 1103 *)

290 1104 336 1163 0)
378 1101 747 1159 Taui‚affione1n.
768 1102 904 1148 Radix
922 1105 1124 1150 vocabuli
1147 1106 1190 1150 in
1213 1105 1362 1151 codice
1379 1122 1584 1166 argenteo
1607 1104 1718 1167 saepe
1737 1107 1942 1160 occurrit,
1955 1110 2128 1172 taujan,
2149 1106 2303 1164 facere.

89 1168 162 1217 Al.
187 1179 316 1226 tuon,
351 1181 483 1226 tuan,
520 1166 746 1230 Anglosax.
774 1168 882 1223 don,
918 1171 1043 1231 Angl.
1064 1170 1158 1219 doe.
1227 1174 1464 1231 Tanquam
1494 1170 1704 1233 singulare
1733 1188 1854 1219 notat
1875 1174 2144 1233 Knittelius‚
2179 1179 2303 1238 quod

88 1233 388 1296 ipunRatum
413 1236 511 1282 heic
537 1250 758 1292 occurrat,
790 1235 923 1296 idque
946 1238 990 1282 in
1011 1235 1096 1283 fine
1115 1238 1249 1283 vocis.
1308 1241 1565 1294 Noverunt,
1600 1239 1678 1299 qui
1699 1240 1890 1286 Gothice
1914 1238 2081 1297 sciunt,
2108 1244 2306 1305 triplext'

87 1303 135 1347 in
154 1301 317 1348 horum
338 1300 547 1363 scriptura
569 1318 819 1350 occurrere:
842 1303 872 1365 j
891 1300 1153 1360 consonans,
1183 1308 1200 1350 ἱ
1215 1302 1496 1364 punE’tatum,
1531 1306 1652 1365 quod
1676 1305 1842 1353 initiale
1862 1304 1944 1364 est,
1979 1307 2022 1357 δι
2040 1309 2190 1357 locum
2211 1328 2304 1358 non

88 1366 223 1414 habet
241 1367 316 1414 nifi
336 1369 389 1415 ab
416 1371 543 1415 initio
563 1369 683 1414 vocis
704 1368 768 1413 vel
789 1370 920 1415 etiam
945 1367 1137 1430 syllabae,
1175 1369 1218 1415 &
1236 1371 1409 1416 tandem
1431 1374 1447 1417 z·
1466 1371 1658 1431 vulgare.
1727 1372 1863 1434 Qod
1889 1374 1942 1419 ad
1963 1375 2161 1422 medium
2188 1376 2303 1424 illud

86 1435 261 1496 attinet,
295 1434 547 1491 arbitratur,
581 1435 879 1494 exceptionem
925 1434 1022 1480 heic
1053 1452 1078 1480 a
1107 1435 1255 1496 regula
1298 1437 1506 1492 inveniri,
1545 1454 1687 1496 quum
1715 1441 1732 1485 i
1760 1435 1924 1498 punfia
1969 1438 2044 1486 sua
2085 1439 2304 1503 praeferat,

90 1495 253 1546 etiamsi
280 1517 434 1547 vocem
464 1501 644 1548 claudat.
716 1500 798 1546 Sed
825 1517 914 1546 non
944 1498 1558 1561 observavitssArchidiaconus
1590 1501 1755 1562 noster,
1791 1507 1828 1562 i,
1864 1520 1962 1552 utut
1985 1507 2188 1555 ultimam
2207 1509 2301 1556 lite-

88 1583 209 1627 ram,
244 1566 535 1614 nihilominus
554 1563 762 1629 syllabam
783 1568 960 1614 alteram
993 1569 1208 1629 incipere,
1242 1570 1523 1629 primamque
1553 1569 1834 1632 diphthongo
1860 1587 1920 1620 au
1940 1570 2084 1621 finiriz
2120 1576 2214 1633 cui,
2247 1593 2303 1623 ne

87 1635 106 1681 ἰ
135 1633 251 1687 illud,
271 1633 480 1694 adiungat
514 1631 675 1689 leROr,
710 1631 824 1679 hisce
854 1631 1054 1695 punffis,
1087 1649 1297 1695 tanquam
1326 1634 1513 1692 diaeresi,
1554 1637 1832 1684 admonetur.
1934 1641 2000 1685 Ut
2027 1640 2119 1686 vela
2145 1643 2303 1689 criticae

88 1696 176 1745 suae
196 1699 436 1745 eruditioni
457 1700 708 1750 Knittelius
725 1700 909 1761 pandat,
945 1718 989 1762 p.
1015 1715 1036 1758 3
1052 1709 1126 1755 18.
1164 1701 1431 1749 occafionem
1451 1701 1526 1749 fibi
1549 1700 1701 1757 sumit,
1738 1702 2173 1762 observatiunculam‚
2206 1725 2302 1768 quae

97 1764 303 1830 Ulplzilae
325 1768 541 1834 illzfirati
564 1784 612 1828 p.
637 1774 717 1815 20.
755 1768 968 1823 occurrit,
995 1765 1248 1828 sugillandi:
1281 1769 1351 1814 illa
1382 1784 1552 1824 autem,
1588 1787 1676 1828 quo
1706 1770 1805 1817 loco
1829 1770 2024 1818 habenda
2051 1771 2121 1829 fit,
2153 1777 2302 1835 paucis

91 1831 264 1879 leffioris
295 1832 459 1879 iudicio
494 1831 757 1880 submittam.
832 1833 1093 1890 Dubitatur,
1129 1835 1250 1895 quod
1286 1852 1438 1882 verum
1478 1852 1641 1881 nomen
1667 1835 1716 1882 fit
1748 1835 1847 1883 solis
1876 1839 1923 1883 in
1956 1838 2105 1900 lingua
2136 1839 2301 1890 Moeso-

93 1899 296 1946 Gotbica.
364 1901 434 1945 Bis
463 1899 572 1945 illud
600 1901 793 1946 occurrit
820 1899 938 1960 apud
958 1901 1175 1948 Marcum
1193 1900 1532 1963 Evangehstam,
1568 1906 1671 1963 Cap.
1702 1920 1719 1949 1
1741 1941 1750 1959 ,
1790 1918 1860 1961 32.
1884 1905 1926 1950 ἃ
1951 1920 2033 1963 13,
2064 1922 2145 1969 24.
2181 1923 2303 1956 utro-

89 1965 225 2025 bique
246 1962 371 2028 fizuil
395 1963 610 2017 scribitur.
678 1969 778 2029 jam
809 1983 913 2012 vero
945 1984 1085 2026 quum
1112 1984 1203 2013 uno
1237 1983 1387 2014 tenore
1417 1985 1542 2014 voces
1571 1970 1616 2013 in
1646 1970 1796 2015 codice
1825 1987 2030 2032 argenteo
2059 1989 2301 2033 exarentur,

91 2033 306 2092 incertum
333 2030 415 2078 esse
435 2030 597 2093 potest,
631 2047 784 2079 utrum
814 2034 957 2079 media
986 2034 1105 2079 litera
1136 2051 1163 2081 u
1184 2033 1238 2080 ad
1267 2035 1501 2080 articulum
1530 2035 1862 2096 praepositivum
1892 2036 1940 2083 fit
1966 2035 2218 2096 referenda,
2248 2058 2304 2088 an

90 2114 196 2144 vero
225 2099 279 2143 ad
308 2096 488 2157 sequens
508 2099 564 2153 il,
598 2113 694 2151 aut,
730 2099 850 2158 quod
877 2099 995 2145 idem
1021 2099 1102 2153 est,
1137 2115 1289 2147 utrum
1311 2100 1373 2147 sol
1391 2105 1427 2148 il
1454 2119 1506 2147 an
1525 2104 1593 2149 ιιι]
1611 2103 1801 2150 Gothice
1828 2104 2090 2166 appelletur.
2160 2105 2304 2155 Poste·

90 2165 199 2223 riori
231 2161 446 2209 sententiae
480 2160 625 2209 favent
652 2162 827 2227 Junius
855 2165 898 2209 ἃ
927 2164 1313 2222 δτίενηΙιὲείηιίιυ,
1366 2169 1510 2227 priori
1545 2168 1917 2216 reverendiffimus
1949 2172 2025 2219 Fr.
2049 2174 2304 2237 Benzelius,

90 2230 226 2289 idque
244 2247 293 2275 ex
319 2247 367 2275 ea
394 2230 584 2286 ratione,
617 2229 738 2293 quod
761 2227 1054 2291 ipunfiiatum
1085 2232 1320 2290 utrobique
1350 2247 1570 2287 occurrat,
1610 2235 1779 2294 quippe
1803 2237 1924 2293 quod
1953 2238 2185 2296 monstret,
2219 2241 2302 2287 ini-

91 2297 241 2343 tialem
265 2294 347 2342 esse
372 2295 576 2346 litteram.
659 2299 819 2342 Fateor
847 2296 1075 2356 equidem,
1110 2297 1195 2342 hoc
1222 2314 1481 2359 argumento
1513 2297 1584 2343 nil
1603 2299 1722 2344 aliud
1757 2301 1919 2357 evinci,
1953 2319 2087 2361 quam
2116 2305 2187 2355 uit
2214 2322 2302 2354 una

92 2361 252 2426 syllaba
280 2359 426 2408 efferri
456 2378 545 2407 non
573 2360 718 2423 posse,
752 2360 823 2408 sed
844 2360 871 2408 fi
897 2380 925 2409 u
944 2362 1030 2408 hoc
1048 2363 1102 2409 ad
1120 2361 1222 2408 solis
1240 2381 1402 2410 nomen
1429 2366 1665 2425 pertineat,
1701 2364 1976 2428 dissyllabum
2001 2369 2100 2415 inde
2120 2370 2301 2424 confici:

92 2430 220 2476 allata
236 2430 353 2475 enim
373 2446 397 2475 a
415 2425 561 2498 Junio
579 2429 775 2493 exempla
795 2427 1105 2477 evidentissime
1124 2428 1481 2489 commonstrant,
1516 2431 1561 2478 in
1577 2431 1730 2478 medio
1750 2433 1870 2480 vocis
1890 2439 1905 2484 i
1924 2433 2187 2496 puni-{iatum
2208 2456 2299 2485 non

2192 2522 2295 2561 raro

143 2662 186 2712 ⁸)
214 2662 252 2700 Si
271 2661 379 2700 leffio
398 2660 557 2708 finem-a,
583 2662 720 2701 accidit
736 2661 821 2701 heic
839 2661 964 2709 idem,
994 2662 1099 2715 quod
1123 2661 1239 2702 stmel
1264 2663 1483 2715 iterumque
1503 2663 1715 2713 observavi,
1742 2674 1787 2705 ut
1804 2678 1943 2718 nempe
1963 2666 2049 2705 than
2067 2679 2159 2707 cum
2177 2670 2299 2720 gemi-

199 2728 252 2753 no
269 2714 306 2751 tlz
327 2712 525 2761 scribatur,
550 2726 616 2754 aut
633 2716 761 2768 potius
778 2716 925 2754 literam
944 2718 1219 2768 praecedentem
1239 2714 1306 2755 fibi
1325 2717 1558 2761 conformet,
1586 2718 1662 2771 Joh
1703 2731 1713 2755 ι
1730 2731 1741 2756 1
1759 2746 1768 2765 ,
1799 2718 1849 2765 46
1876 2719 2141 2770 Jimzaitlzrhan,
2167 2723 2300 2774 (quod

199 2765 372 2806 scribitur
385 2765 601 2818 fimzaitlzan.
620 2770 710 2807 Luc.
732 2779 776 2819 9,
808 2779 870 2819 19.
888 2766 1137 2818 Jiaemaihtlzan,
1157 2768 1245 2822 Joh.
1267 2781 1303 2816 7,
1340 2781 1393 2817 ις.
1428 2771 1462 2809 ὅ(
1472 2768 1591 2821 fimmi
1607 2770 1756 2809 ntlzrhan
1785 2773 1878 2813 Luc.
1891 2783 1927 2822 9,
1951 2773 2006 2821 8.)
2034 2770 2161 2813 Matth
2187 2787 2220 2821 ς,
2235 2788 2299 2822 37.

190 2818 313 2871 stJairh
328 2821 435 2859 thau:
465 2821 516 2860 ita
533 2821 639 2859 enim
658 2821 794 2860 habere
813 2820 924 2861 video
943 2821 1115 2862 codicem
1133 2833 1360 2875 argenteum
1372 2851 1381 2869 ‚
1408 2821 1550 2862 etiamst
1575 2824 1692 2864 editio
1713 2822 1918 2861 1r'ae’enraeliamz
1944 2825 2104 2864 alterum
2122 2827 2161 2866 th
2182 2830 2296 2869 omit-

202 2866 255 2912 t'at
295 2872 384 2926 Joh.
410 2886 468 2919 12,
492 2874 548 2911 ¹6.
575 2873 818 2916 tlmmththan.
874 2874 1018 2916 Confer
1034 2876 1192 2928 Junium
1211 2878 1253 2916 in
1273 2873 1380 2928 Closs
1389 2875 1526 2916 Gothic.
1547 2876 1595 2916 ad
1615 2890 1646 2916 v.
1667 2875 1838 2925 uththan,
1861 2889 1930 2929 pro
1947 2878 2102 2929 uhtlmn,
2129 2893 2199 2922 nec
2216 2895 2298 2923 non

199 2927 362 2965 nirhzlmn
386 2940 455 2978 pro
475 2925 632 2966 nilnhan.
659 2926 735 2981 Joh
763 2939 830 2974 13,
859 2939 924 2976 47.
