2473 3380
167 156 272 217 294
495 174 496 177 η
682 128 1053 186 SPECIMEN
1086 124 1452 181 GLOSSARH
1485 125 1889 180 ULPHILANI.

222 247 395 299 versum
418 243 607 295 vestrum
624 259 880 307 utrumque.
935 247 1056 298 Nee,
1093 241 1170 288 nisi
1193 238 1346 296 fallor,
1381 238 1632 285 Alemannis
1663 239 1736 285 hic
1762 241 1882 287 vocis
1908 235 2163 302 fignificatus
2195 237 2381 289 insolens

222 315 327 366 fuit.
384 317 525 364 Docet
540 314 628 361 hoc
650 311 892 376 Otfrz‘dus,
926 310 1045 371 apud
1066 324 1198 368 quem
1218 310 1270 354 L.
1293 310 1324 351 I.
1361 323 1401 355 c.
1426 320 1465 366 ς.
1483 321 1527 354 v.
1552 318 1663 364 129.
1683 305 1771 352 haec
1789 306 1905 368 lego·

559 378 618 433 ΙΙι
651 378 753 435 bin,
788 377 912 443 quad
928 377 1031 442 stu,
1070 373 1243 424 Gothes
1278 371 1377 421 thiu

628 446 699 497 Zi
732 445 834 494 erbe
866 444 1123 510 giboraniu,
1158 442 1190 490 i.
1228 457 1266 489 e.

559 515 658 574 Ego
693 510 815 568 sum,
845 511 952 557 dixit
986 509 1083 570 illa,
1115 509 1203 555 Dei
1236 505 1393 553 aneilla

629 579 700 626 Ad
735 578 931 625 laborem
968 592 1083 626 nata.

226 650 484 705 Schilterus
505 645 687 709 quidem
719 649 765 694 zi
794 642 895 694 erbe
924 645 1051 691 vertit
1084 640 1204 691 domi
1235 651 1374 690 nata:
1406 634 1585 697 sed‚‘i1t
1617 637 1729 685 mihi
1760 636 1955 698 videtur,
1985 654 2145 701 parum
2171 639 2383 703 appofite.

225 719 365 785 Qod
387 734 489 764 vero
509 715 564 762 ad
588 713 766 760 alteram
792 709 1058 772 compofititi
1077 724 1249 771 partem
1277 709 1451 762 attinet,
1486 703 1563 755 ida
1594 720 1713 752 notat
1741 722 1919 766 urgere,
1954 705 2230 765 incumbere,
2266 709 2384 755 unde

222 787 299 844 id,
333 783 586 847 diligentia,
619 779 725 829 idka
752 780 948 841 gnaviter
974 778 1018 822 in
1049 793 1143 822 rem
1174 775 1366 835 aliquam
1399 771 1675 828 incumbere,
1710 774 1843 830 idua,
1872 772 2072 821 iden1.·v.
2102 774 2220 826 Kon.
2252 775 2383 841 Styr0

224 871 276 916 p.
302 868 378 915 53.
414 851 457 898 ὃ(
477 846 696 911 Dikman.
725 847 876 906 Antiq.
897 841 1040 892 eccles.
1062 860 1106 905 p.
1130 855 1240 902 225.
1274 843 1332 887 ita
1353 839 1497 905 erfida
1520 842 1602 885 erit
1621 838 1817 886 laborem
1839 856 2048 888 exercere.

157 917 298 980 Arbi,
331 918 564 968 hereditas,
618 918 685 963 De
704 915 825 962 vocis
846 926 997 977 etymo
1018 907 1185 958 consuli
1207 908 1339 957 velim
1366 901 1682 961 Wachterum.

296 984 463 1049 Arbja,
494 984 637 1032 herest

292 1051 583 1115 Arbinumja‚
618 1049 681 1098 id.
717 1048 905 1110 aptiori
926 1046 1143 1097 &niman
1171 1061 1339 1108 capere.

159 1122 329 1186 Arjan‚
361 1134 498 1165 arare.
557 1117 654 1161 Vox
673 1115 880 1176 plurimis
900 1114 1064 1175 linguis
1096 1113 1360 1159 communis·
1411 1111 1489 1161 Gr.
1513 1118 1616 1170 α’ςὲν,
1650 1111 1704 1156 Α.
1727 1110 1820 1156 Sax.
1848 1111 1998 1166 erian,
2031 1110 2214 1174 erigan,
2245 1108 2381 1171 Angl.

231 1201 348 1243 care,
374 1186 528 1236 Germ.
547 1197 666 1239 eren,
689 1179 841 1229 Sueth.
861 1180 982 1240 dria.
1039 1176 1209 1225 Referri
1230 1177 1393 1239 poterit
1412 1176 1466 1223 ad
1487 1193 1561 1230 ar,
1588 1174 1709 1234 quod
1729 1176 1916 1234 antiquis
1941 1191 2028 1221 tam
2050 1175 2188 1236 ipsam
2212 1193 2383 1234 terram,

230 1270 367 1316 quam
384 1267 506 1299 terrae
526 1264 795 1311 proventum
815 1246 1013 1294 denotat:
1048 1261 1230 1306 utraque
1250 1241 1503 1306 significatio
1532 1243 1619 1288 huc
1637 1258 1758 1301 aeque
1788 1242 2024 1288 commode
2051 1243 2261 1304 applicari
2285 1258 2383 1304 pot·

229 1320 303 1369 est.
337 1316 418 1367 cfr.
441 1317 581 1387 Voffii
598 1315 841 1380 etymolog.
865 1315 986 1365 latin.

162 1387 292 1441 Arka
305 1425 316 1447 ‚
347 1382 639 1447 marsupium.
692 1382 858 1428 Latinis
879 1397 1002 1441 aeque
1023 1395 1071 1429 ac
1095 1376 1356 1426 nostratibus
1375 1394 1458 1425 vox
1478 1376 1570 1423 haee
1587 1377 1734 1441 essam
1754 1390 1888 1424 notat.
1922 1378 2010 1421 Lex
2029 1374 2229 1437 Vestrog.
2249 1372 2385 1428 Tiuf.

229 1461 278 1505 B.
329 1453 357 1503 l
372 1454 487 1519 lustu
507 1449 636 1507 kari,
664 1451 749 1497 ark
768 1448 875 1497 cella
905 1447 1037 1514 kssu,
1072 1449 1118 1493 in
1138 1444 1230 1492 vase
1252 1443 1416 1496 clauso,
1448 1460 1543 1490 arca
1571 1459 1646 1489 aut
1673 1441 1786 1490 cista.
1822 1442 1886 1490 lb.
1909 1439 2034 1490 Arfd.
2063 1446 2109 1488 B.
2142 1460 2180 1492 c.
2200 1459 2248 1505 7.
2285 1445 2386 1492 Mo-

232 1519 350 1573 dher
362 1519 478 1587 skal
500 1517 619 1567 rada
639 1514 786 1566 arkar
802 1512 987 1583 lyklum‚
1007 1515 1039 1565 i.
1062 1531 1097 1562 e.
1118 1514 1248 1560 matri
1267 1510 1453 1574 potestas
1473 1511 1554 1556 erit
1573 1510 1761 1556 clavium
1780 1525 1901 1558 arcae.
1943 1510 2105 1556 Ortum
2127 1510 2314 1558 creditur
2332 1510 2388 1558 ab

233 1599 379 1655 ἵιςγειι,
412 1586 626 1637 claudere.

165 1660 367 1712 Arman,
402 1651 619 1710 misereri,
651 1651 768 1700 unde
796 1653 950 1700 armai
983 1651 1096 1707 mik,
1133 1644 1334 1694 miserere
1362 1647 1473 1704 mei,
1510 1645 1663 1697 Marc.
1689 1656 1762 1701 10,
1795 1651 1876 1704 48.
1911 1641 1963 1690 ab
1994 1657 2118 1700 arm,
2153 1640 2305 1705 miser,
2334 1642 2388 1690 fi-

229 1723 330 1771 mili
349 1721 489 1768 modo
509 1737 556 1766 ac
575 1720 695 1781 apud
716 1720 873 1766 latinos
894 1715 1096 1780 mistrerz‘
1116 1733 1141 1762 a
1168 1715 1340 1780 misero,
1375 1717 1515 1760 Fenn.
1533 1728 1713 1769 armas,
1744 1707 1971 1772 Anglofitx.
1997 1706 2270 1773 ofiarmian,
2305 1712 2388 1757 mi-

230 1788 378 1837 sereri.
435 1789 533 1833 Vox
551 1786 644 1832 haec
661 1786 828 1831 ultimae
848 1784 1116 1843 antiquitatis
1136 1780 1208 1837 est,
1244 1794 1397 1841 utpote
1417 1780 1540 1825 cuius
1561 1777 1736 1839 vestigia
1757 1795 1845 1823 non
1869 1778 1940 1822 hic
1960 1792 2144 1833 tantum,
2164 1773 2233 1823 sed
2253 1778 2386 1825 etiam

233 1853 355 1916 apud
375 1855 670 1921 Augustinum
688 1849 952 1898 offendimus
962 1852 1046 1910 Ep.
1073 1856 1183 1907 178.
1203 1845 1281 1893 ubi
1300 1848 1343 1891 in
1366 1843 1674 1906 disceptatione
1692 1845 1804 1889 inter
1825 1843 1940 1889 hunc
1960 1859 2129 1903 patrem
2150 1843 2193 1890 ὅ(
2212 1841 2388 1892 Pascen-

232 1922 369 1977 tium,
400 1920 492 1965 haec
534 1918 665 1965 verba
699 1932 937 1965 occurrunt
972 1916 1024 1960 de
1058 1916 1248 1960 termino
1283 1919 1466 1972 εμοέο-ιοςι
1494 1909 1560 1969 „fi
1591 1911 1690 1956 licet
1725 1909 1888 1965 dicere,
1925 1926 2014 1955 non
2053 1907 2195 1956 solum
2232 1910 2386 1957 Barba-

231 2024 259 2049 „
291 1990 351 2034 ris
373 1986 520 2048 lingua
538 1982 631 2044 sna,
668 1981 739 2030 sed
759 1985 889 2028 etiam
907 1982 1139 2037 Romanis,
1161 1981 1199 2044 fi
1216 1978 1328 2027 Ιιονα
1355 1991 1535 2033 armen,
1571 1976 1694 2036 quod
1727 1977 2056 2037 interpretatur,
2090 1973 2282 2024 Domine
2302 1981 2384 2026 mi.

231 2091 260 2114 ‚,
276 2052 457 2119 serere,
491 2069 571 2098 cur
590 2068 679 2097 non
704 2050 851 2096 liceret
870 2050 915 2094 in
935 2048 1133 2093 conciliis
1154 2060 1331 2107 patrum
1345 2080 1356 2100 ,
1392 2045 1435 2088 in
1461 2040 1549 2104 ipsa
1569 2058 1681 2089 terra
1699 2043 1974 2098 Graeeorum,
2000 2043 2114 2088 unde
2132 2042 2295 2103 ubique
2315 2045 2392 2091 dee

231 2156 260 2185 ,‚
293 2120 444 2169 stinata
469 2116 529 2166 est
559 2115 689 2174 fides,
723 2116 875 2177 lingua
908 2115 1092 2176 propria
1120 2119 1284 2171 ὅμοέσιω
1311 2107 1559 2167 confiteri„
1628 2107 1874 2156 Torserunt
1904 2108 2180 2155 eruditorum
2209 2111 2383 2171 ingenia

233 2187 423 2251 paucula
440 2186 534 2233 haec
557 2184 748 2231 Gothica
767 2181 922 2239 verba,
954 2177 1027 2227 sed
1045 2181 1103 2226 ita
1123 2193 1290 2233 tamen,
1327 2191 1376 2222 ut
1396 2177 1603 2223 omnibus
1625 2177 1672 2221 in
1691 2172 1884 2221 confesso
1905 2173 1976 2231 fit,
2009 2192 2094 2236 pro
2123 2175 2281 2223 ultimo
2300 2194 2383 2226 ar-

233 2269 332 2303 men
358 2253 413 2299 ad
441 2250 624 2299 dustum
644 2249 841 2311 Ulphilae
869 2249 1020 2295 armai
1047 2243 1130 2291 esse
1157 2242 1405 2304 legendum.
1464 2243 1665 2289 Primum
1688 2242 1860 2308 Sigara
1887 2241 1990 2302 legit
2014 2238 2311 2300 lsVaclzterus,
2343 2246 2387 2293 δε

233 2321 288 2370 ab
310 2321 437 2366 initio
458 2315 635 2380 praefixo
654 2317 775 2373 Fan,
809 2312 1124 2360 restituendum
1149 2325 1297 2372 putat:
1335 2309 1434 2356 Fan
1442 2310 1610 2375 figora
1629 2313 1812 2363 Armai,
1847 2309 1876 2355 i.
1897 2324 1932 2356 e.
1965 2309 2160 2354 Domine
2184 2308 2386 2359 vietoria·

235 2404 339 2436 rum
368 2383 583 2433 misereri.
639 2384 722 2430 Sed
748 2379 935 2428 offendit
962 2396 1056 2436 me,
1094 2376 1213 2437 quod
1244 2373 1334 2436 ipse
1356 2379 1627 2443 Augustinus
1655 2393 1709 2420 ne
1735 2373 1918 2420 verbulo
1945 2374 2124 2433 quidem
2153 2373 2385 2425 victoriam

234 2455 453 2503 nominet.
487 2449 751 2497 Accederem
771 2450 917 2507 itaque
937 2445 1158 2493 lubentius
1177 2442 1278 2500 illis,
1299 2443 1427 2506 quisi
1445 2437 1560 2489 hora
1582 2457 1716 2488 unam
1735 2438 1815 2486 esse
1833 2456 1987 2486 vocem
2007 2456 2245 2499 autumant,
2266 2461 2384 2491 nem-

235 2540 295 2585 pe
299 2521 396 2588 fir,
413 2519 539 2584 star,
581 2515 702 2577 quod
719 2516 966 2561 Dominum
986 2511 1106 2573 apud
1128 2509 1323 2555 lslandos
1351 2523 1501 2555 notare
1520 2504 1753 2553 asseverant
1791 2506 2031 2557 VVormius
2050 2509 2095 2553 in
2113 2508 2247 2555 lexico
2269 2513 2386 2561 Run.
2414 2512 2417 2515 “

238 2599 286 2638 in
303 2604 347 2636 v.
367 2585 411 2631 ὅ(
434 2580 606 2633 Gudm.
626 2581 769 2630 Andr.
788 2581 834 2625 in
855 2579 932 2627 lex.
956 2578 1028 2626 151.
1048 2576 1218 2641 instrat
1255 2572 1331 2620 ulfi
1358 2569 1474 2620 forte
1498 2574 1674 2634 penitus
1700 2570 1854 2619 vitiosa
1881 2571 1939 2619 est
1966 2570 2118 2632 leffio,
2151 2577 2388 2637 veriorque

237 2650 473 2704 iudicanda
498 2649 572 2696 illa
593 2647 851 2713 Rigaltiani
878 2644 1062 2698 codicis,
1098 2658 1229 2702 quam
1257 2640 1459 2702 exhibent
1489 2640 1674 2685 editores
1696 2636 1901 2686 Glossarii
1931 2638 1990 2686 du
2018 2640 2211 2690 Fresne:
2245 2644 2379 2693 Flzr0‚

241 2731 484 2774 ta‘armes,
519 2717 644 2761 cuius
661 2715 854 2775 primam
875 2727 1028 2757 vocem
1050 2709 1134 2754 levi
1154 2707 1393 2753 mutatione
1414 2723 1463 2751 ex
1483 2705 1612 2754 Drot
1637 2702 1799 2751 fastam
1827 2723 1918 2751 non
1948 2707 2231 2757 incommode
2249 2712 2383 2757 conii-

241 2789 363 2836 ciunt
380 2799 523 2844 patres
541 2777 833 2835 Benedifflni,
866 2775 937 2823 sed
960 2792 1097 2836 quum
1117 2791 1200 2820 vox
1219 2772 1302 2825 illa,
1321 2786 1422 2817 utut
1443 2774 1590 2818 ceteris
1611 2769 1800 2817 dialeffis
1821 2771 2022 2819 Gothicis
2042 2766 2385 2833 familiariffima,

246 2852 366 2914 apud
390 2847 632 2915 Uiplzilam
651 2864 741 2893 non
763 2857 1024 2907 compareat,
1045 2838 1324 2886 commodius
1355 2839 1511 2899 reponi
1539 2839 1712 2884 videtur
1733 2838 1931 2902 Frauja,
1960 2830 2177 2896 Domine,
2210 2859 2386 2903 proque

248 2932 408 2977 armes,
427 2914 604 2975 armai,
633 2915 677 2963 h.
702 2908 978 2980 e0miserere,
1007 2924 1094 2970 qua
1113 2907 1281 2955 ratione
1298 2918 1483 2965 utraque
1500 2921 1585 2956 vox
1601 2905 1780 2969 genium
1799 2907 1850 2954 L.
1873 2905 2073 2953 Gothicae
2093 2904 2244 2958 fervat.
2306 2913 2384 2956 Ce-

2226 2990 2385 3035 terum,
