2473 3380
268 137 379 188 DE
416 131 675 187 CODICE
705 131 1029 186 ARGENT.
1054 133 1160 186 ET
1180 132 1547 185 LITTERAT.
1571 130 2031 188 MOESOGOTH.
2154 147 2248 199 203

176 248 265 309 QV
287 246 458 293 videtur
479 244 638 293 sonum
673 244 996 294 craffiusculum
1024 246 1240 304 habuisse,
1276 246 1437 294 Gothis
1465 246 1754 307 peculiarem,
1790 246 1867 304 qui
1895 246 2007 293 inter
2032 246 2194 310 duplex
2220 262 2251 297 v

39 309 83 358 ἃ
102 328 158 377 qv
179 313 351 359 medius
371 310 516 363 fuerit,
585 313 802 374 Auguror
829 313 873 359 id
904 330 952 359 ex
979 313 1211 361 harmonia
1237 314 1487 374 linguarum
1513 325 1817 375 cognatarum,
1852 312 1898 356 in
1925 312 2082 372 quibus
2109 313 2249 361 modo

38 379 137 434 hic,
172 380 307 431 modo
327 378 401 424 ille
426 376 554 426 sonus
579 381 769 426 obtinet:
807 397 843 427 e.
865 397 910 440 g.
938 379 1059 440 quod
1088 380 1207 442 apud
1230 377 1534 440 Mcesogothos
1569 377 1628 425 est
1652 372 1862 443 qvitlzan,
1896 377 2060 435 dicere,
2094 380 2142 426 id
2162 385 2249 427 An-

40 445 117 506 glo
138 447 321 491 Saxones
342 443 528 493 cvetlzan
550 444 760 503 efferunt,
795 446 1022 492 Alemanni
1040 446 1231 511 quidun,
1266 446 1427 492 Islandi
1446 446 1639 510 qwoeda,
1673 445 1817 490 Latini
1834 446 1985 509 quire,
2017 445 2134 492 unde
2152 450 2256 510 quic*

38 511 82 557 δι
108 513 252 575 inquit
279 508 526 572 supersunt.
596 516 634 558 A
659 528 795 578 quens
822 512 865 558 ὅτ
891 514 1048 576 quino,
1081 512 1261 568 mulier,
1296 511 1355 558 est
1384 511 1528 573 Anglo
1558 516 1654 561 Sax.
1681 526 1785 559 cven
1812 511 1855 557 ὅτ
1875 509 2026 558 Sueth.
2057 515 2252 576 qwinnu.

36 575 158 622 Alibi
175 591 319 623 tamen
340 578 456 624 illius
484 577 614 625 sonus
635 580 799 637 lenior,
835 577 877 623 δε
894 579 946 624 ad
967 578 1189 624 AEolicum
1220 578 1440 638 digamma
1470 580 1671 639 proxime
1693 576 1896 623 accedens
1914 576 2116 633 auditur,
2150 596 2186 628 e,
2204 596 2249 640 g.

36 647 204 707 quivan
225 642 283 689 est
304 643 541 690 latinorum
570 647 741 701 vivere,
775 647 987 709 qvainon‚
1019 644 1264 700 lamentari,
1301 642 1358 688 est
1380 645 1525 704 Anglo
1553 647 1649 693 SaX.
1677 643 1863 706 vanjan,
1894 643 2051 692 Germ.
2070 647 2250 708 weinen,

34 710 103 760 Isl.
125 713 264 757 veina.
337 713 482 755 Immo
512 712 557 756 in
576 711 875 757 monumentis
897 725 1090 755 veterum
1114 710 1257 771 Anglo
1277 712 1518 767 Saxonum,
1549 725 1597 756 ut
1615 708 1732 770 apud
1753 709 2007 774 Hickefium
2033 710 2179 757 videre
2198 711 2249 758 li·

36 792 125 832 cet,
160 792 188 823 v
207 773 445 822 consonans
467 777 645 823 eandem
669 777 793 838 plane
815 774 998 837 figuram
1018 776 1148 822 habet
1168 793 1214 821 ac
1234 775 1426 821 Gothica
1454 776 1544 822 haec
1573 776 1730 823 littera.
1798 779 1908 821 Haec
1930 775 2116 822 breviter
2136 772 2250 826 dissa

35 841 134 888 satis
153 841 517 899 commonstrant,
552 844 706 899 credo,
736 859 826 889 non
845 841 1005 901 absque
1024 844 1191 888 ratione
1212 842 1424 888 inlocum
1454 855 1500 878 ‘w
1533 850 1545 881 1
1581 841 1760 886 eandem
1788 857 2009 900 acceptam
2030 839 2172 899 fuisse,
2201 843 2250 891 in'

33 910 194 971 primis
219 924 357 968 quum
378 926 405 957 v
426 907 768 970 Moesogothico
789 910 834 954 in
854 905 1130 969 sequentibus
1152 909 1195 954 ἃ
1212 908 1265 956 ad
1286 906 1419 954 finem
1436 905 1659 968 alphabeti
1677 906 1799 952 locus
1818 905 2048 957 destinatus
2067 907 2182 957 effer.

172 1015 208 1056 Z
228 1007 429 1072 fungitur
446 1010 536 1059 vice
556 1012 663 1061 Ebr.
708 1032 720 1064 t
738 1048 749 1071 ,
783 1011 826 1059 ὅ(
849 1025 1060 1072 quantum
1081 1008 1330 1057 coniesiura
1348 1007 1512 1070 ass'equi
1532 1007 1675 1065 valeo,
1707 1010 1997 1070 pronuntiatu
2015 1009 2164 1056 eadem
2182 1010 2250 1057 lit-

34 1080 302 1139 tera'parum
321 1078 387 1122 vel
408 1078 469 1122 nil
488 1094 577 1126 erat
597 1079 766 1127 durior.
834 1078 983 1125 Video
1005 1080 1198 1139 quippe,
1232 1077 1342 1123 hanc
1372 1093 1474 1122 cum
1500 1092 1526 1122 s
1555 1075 1674 1121 haud
1704 1072 1999 1135 infrequenter
2025 1076 2251 1127 alternare.

34 1148 106 1192 Sic
123 1141 369 1204 promiscue
392 1140 602 1207 scriptum
632 1147 822 1191 invenies
850 1143 943 1193 tlzis
971 1144 1014 1190 ἃ
1035 1142 1156 1200 aliia,
1186 1145 1342 1199 huiuS‚
1368 1140 1534 1207 saislep
1562 1142 1604 1189 ὅ(
1617 1139 1827 1206 fizizlep,
1859 1141 2067 1200 dormiit,
2101 1142 2249 1202 Anglo

2 1267 6 1270 ,
32 1208 295 1274 S.slapan,
312 1208 528 1275 sloepan,
561 1212 758 1260 Alcman.
771 1209 975 1276 slaffen,
1023 1214 1213 1271 Prae-cop.
1231 1207 1413 1274 slipen,
1447 1210 1599 1258 Germ.
1610 1203 1838 1269 filzlajen.
1907 1207 2043 1271 Quod
2067 1207 2126 1256 ad
2153 1205 2247 1254 for-

32 1276 292 1328 mam-illius
314 1279 485 1335 attinet,
521 1276 788 1339 conspicitur
814 1280 889 1324 illa
917 1277 1011 1324 talis
1037 1277 1081 1321 in
1101 1279 1154 1323 C.
1174 1282 1228 1323 A.
1249 1277 1433 1335 qualem„
1454 1273 1626 1321 exhibet
1652 1273 1794 1321 tabula
1822 1271 1963 1320 nostra
1992 1275 2128 1321 tertia.
2194 1276 2251 1320 In

34 1340 89 1390 eo
110 1359 214 1389 vero
239 1343 464 1404 exemplo,
497 1361 587 1404 quo
609 1344 706 1391 usus
726 1343 783 1394 est
804 1342 955 1391 auster
976 1340 1278 1388 dissertationis
1303 1342 1355 1387 de
1382 1344 1542 1407 lingua
1568 1342 1617 1390 δ’
1632 1340 1803 1388 litteris
1823 1337 2049 1391 Getarum
2063 1376 2074 1394 ‚
2108 1358 2132 1386 a
2154 1340 2250 1388 Bo-

30 1420 283 1458 nave-utura
304 1409 364 1461 V
354 1409 531 1459 ulcam‘o
550 1411 695 1468 editae,
727 1410 910 1456 caudam
931 1406 1130 1455 deorsum
1151 1405 1314 1454 versam
1336 1406 1509 1464 habuit,
1543 1405 1717 1466 qualem
1736 1404 1876 1467 figura
1895 1404 2247 1466 posteriortabu-

29 1475 82 1526 lae
107 1474 442 1524 tertiae>exhiben
513 1476 615 1525 Vid.
634 1478 663 1526 1.
686 1493 718 1522 c.
739 1494 840 1538 pag.
868 1491 949 1537 14,
984 1475 1105 1534 quod
1122 1473 1152 1520 fi
1171 1475 1318 1519 ceteris
1339 1491 1363 1520 a
1380 1490 1452 1519 me
1471 1473 1606 1520 allatis
1629 1473 1893 1537 argumentis
1913 1470 2144 1530 addideris,
2163 1473 2249 1520 evi·

32 1541 185 1589 denter
208 1541 390 1602 probat,
426 1541 575 1589 nostro
596 1545 744 1590 codice
766 1541 895 1589 usum
915 1557 1004 1587 non
1022 1536 1157 1595 fuisse
1178 1540 1297 1587 hunc
1314 1538 1556 1595 austorem.
1589 1537 1642 1603 *)

167 1645 219 1690 H
238 1659 340 1691 eum
365 1645 516 1692 locum
541 1645 693 1703 habet,
729 1662 860 1706 quem
888 1642 1051 1691 fortior
1074 1642 1335 1690 Ebraeorum
1362 1640 1598 1706 adspiratio
1617 1662 1656 1694 n.
1713 1643 1918 1691 Ceterum
1943 1642 2171 1705 aequivalet
2188 1636 2248 1690 lass

34 1709 127 1758 tino
145 1705 176 1757 Ιι
194 1709 236 1756 8<
256 1708 431 1772 spiritui
449 1714 708 1760 Graecorum
728 1711 903 1773 aspero,
933 1728 973 1757 e.
992 1726 1034 1769 g.
1054 1707 1259 1758 Herodes
1272 1747 1284 1767 ,
1317 1705 1491 1765 haban,
1525 1708 1696 1755 habere.
1764 1708 2036 1755 Adamabant
2051 1709 2163 1756 hanc
2179 1710 2250 1759 lit-

35 1791 175 1823 teram
193 1774 485 1837 Moesogothi,
520 1778 708 1839 ideoque
739 1795 834 1825 eam
865 1793 953 1823 non
983 1773 1126 1820 solum
1152 1792 1277 1822 more
1304 1776 1544 1824 lat‘morum
1570 1772 1794 1821 vocalibus
1821 1772 2146 1837 praeprosuere,
2175 1772 2250 1821 sed

34 1843 166 1889 etiam
189 1840 388 1888 consonis
410 1844 449 1901 l,
484 1860 514 1892 n
534 1846 576 1892 ὃ(
596 1861 645 1901 r,
678 1862 811 1907 quem
833 1842 1023 1890 eundem
1042 1840 1201 1902 linguae
1222 1843 1377 1888 veteris
1401 1839 1659 1888 nostratium
1679 1840 2042 1902 Islandorumque
2065 1842 2250 1901 genium

30 1905 185 1965 fuiffe,
212 1908 510 1971 lexicographi
530 1911 762 1959 docebunt.
827 1913 972 1956 Immo
993 1923 1070 1953 nec
1091 1924 1191 1954 raro
1208 1906 1547 1969 adspirationem
1576 1908 1728 1955 litterae
1758 1923 1789 1955 r
1814 1905 2110 1969 postponunt,
2146 1923 2180 1952 e.
2203 1922 2250 1966 g.

31 1972 249 2032 twairlts,
283 1976 440 2032 iratus,
470 1975 663 2034 thairlz,
687 1994 791 2039 per,
825 1991 965 2032 trans,
994 1974 1037 2020 ὅ(
1055 1987 1151 2020 tum
1168 1971 1327 2021 sonum
1346 1971 1397 2011 τί
1413 1975 1439 2019 lt
1457 1976 1686 2035 geminum
1716 1972 1834 2018 illam
1855 1971 2072 2035 habuisse,
2105 1970 2249 2018 verifi-

33 2041 139 2088 mile
158 2038 222 2091 fit.
290 2043 341 2086 In
362 2043 542 2089 vocibus
561 2038 760 2099 huhrus,
794 2040 955 2098 fames,
984 2036 1265 2105 gafahrida,
1299 2048 1490 2096 ornavit,
1525 2040 1676 2087 litterae
1692 2038 1828 2084 huius
1845 2035 2079 2088 sonumac‘.
2094 2052 2127 2103 g
2144 2054 2247 2099 pro-

35 2107 150 2153 xime
170 2103 397 2164 acceffiss'e‚
430 2125 612 2173 arguere
640 2109 813 2157 videtur
834 2110 1037 2170 cognatio
1063 2105 1180 2152 illius
1206 2122 1307 2153 cum
1333 2105 1477 2152 radice
1503 2103 1577 2152 sua
1603 2102 1858 2172 buggrjan‚
1896 2102 2085 2161 esurire,
2113 2104 2248 2151 huius

37 2170 316 2241 cumfagrs,
349 2173 491 2232 utilis,
515 2176 690 2238 (pulcer.
757 2178 808 2221 In
831 2176 983 2221 locum
1003 2172 1186 2218 Gothici
1205 2169 1248 2229 lz,
1277 2173 1423 2218 Graeci
1449 2185 1468 2210 η
1495 2169 1732 2226 adscivere,
1768 2171 1888 2232 quod
1916 2169 2145 2233 probabile
2175 2168 2250 2228 est,

36 2239 135 2284 inde
160 2237 213 2285 ab
233 2256 285 2285 eo
306 2254 507 2300 tempore
528 2240 819 2287 arcessendum
833 2279 843 2297 ‚
876 2255 965 2298 quo
986 2252 1143 2283 veteres
1164 2239 1302 2284 Graeci
1325 2241 1374 2283 H
1389 2253 1476 2298 pro
1504 2254 1623 2283 mera
1653 2234 1942 2297 adspiratione
1967 2234 2248 2296 usurpabant,

37 2303 266 2351 scribentes
294 2322 334 2353 e.
360 2322 404 2365 g.
427 2317 670 2357 HERATON,
701 2316 939 2356 ΚΗΡΟΝΟΣ,
967 2319 1050 2365 pro
1070 2306 1213 2355 ἕκατον,
1237 2303 1370 2357 χςόνος,
1446 2303 1681 2350 Coronidis
1705 2303 1803 2349 loco
1829 2299 2013 2349 observo
2028 2339 2038 2359 ‚
2072 2305 2251 2363 Longo..

34 2371 194 2418 bardos
214 2369 397 2484 figfuram
418 2371 553 2419 huius
574 2370 724 2419 litterae
744 2372 945 2420 Gothicae
963 2366 1205 2432 adoptasse,
1240 2368 1284 2416 ὅ(
1303 2368 1403 2417 inde
1421 2385 1515 2416 eam
1535 2386 1616 2433 per
1642 2368 1859 2430 reliquam
1883 2370 2113 2432 Europam
2139 2383 2250 2430 pro-

36 2451 237 2501 pagatam
277 2436 397 2489 uisse.

173 2541 270 2585 TH
295 2540 415 2601 apud
439 2539 614 2588 Gothos
638 2537 729 2598 est,
765 2541 887 2600 quod
911 2563 941 2597 ω
959 2539 1077 2604 apud
1105 2538 1306 2588 Ebraeos:
1340 2559 1404 2590 ex.
1426 2557 1491 2603 gr.
1522 2537 1741 2600 Thomas,
1769 2536 2012 2605 thagkjan‚
2046 2534 2250 2598 cogitare.

35 2605 181 2655 Sueth.
203 2609 349 2654 tdnka.
419 2606 708 2667 Runographi
729 2605 862 2654 nostri
875 2609 991 2655 hunc
1013 2604 1170 2652 sonum
1188 2623 1268 2666 per
1286 2602 1326 2669 b
1353 2607 1665 2669 exprimebant,
1675 2622 1771 2665 quae
1790 2606 1938 2652 eadem
1959 2605 2098 2650 littera
2118 2604 2251 2651 etiam

37 2673 182 2734 Anglo
216 2671 462 2720 Saxonibus
480 2668 706 2718 familiaris
734 2669 840 2723 fuit.
906 2679 976 2720 An
1003 2673 1109 2720 vero
1132 2670 1514 2786 hgoecsozgothicum
1542 2673 1629 2720 hoc
1656 2673 1919 2718 elementum
1944 2667 2250 2796 endempsilgillg

92 2915 136 2968 *)
164 2913 342 2954 Indidem
361 2913 477 2953 etiam
494 2913 703 2962 concludo,
732 2913 822 2956 Am.
842 2895 1090 2954 Morillonium
1114 2913 1231 2964 hujus
1246 2911 1524 2953 schediasmatis
1543 2911 1736 2953 auam-em
1762 2922 1842 2952 non
1869 2907 1997 2954 fuisse:
2024 2908 2129 2951 hune
2145 2909 2254 2951 enim
2298 2929 2303 2932 ¹

149 2968 280 3008 codice
296 2965 560 3015 Werdineuffi
584 2979 697 3023 nune
708 2966 847 3018 nostro,
873 2967 987 3008 usum
1003 2967 1133 3015 fuisse,
1161 2965 1313 3007 testatur
1331 2965 1528 3021 Goropius,
1554 2964 1580 3005 l.
1602 2977 1636 3006 c.
1976 2988 1979 2989 ν
