<?xml version="1.0" encoding="UTF-8"?>
<!DOCTYPE html PUBLIC "-//W3C//DTD XHTML 1.0 Transitional//EN"
    "http://www.w3.org/TR/xhtml1/DTD/xhtml1-transitional.dtd">
<html xmlns="http://www.w3.org/1999/xhtml" xml:lang="en" lang="en">
 <head>
  <title>
</title>
<meta http-equiv="Content-Type" content="text/html;charset=utf-8" />
  <meta name='ocr-system' content='tesseract 3.04.00' />
  <meta name='ocr-capabilities' content='ocr_page ocr_carea ocr_par ocr_line ocrx_word'/>
</head>
<body>
  <div class='ocr_page' id='page_1' title='image "./johannisabihresc00ihre_0223.png"; bbox 0 0 2473 3380; ppageno 0'>
   <div class='ocr_carea' id='block_1_1' title="bbox 303 121 2292 209">
    <p class='ocr_par' dir='ltr' id='par_1_1' title="bbox 303 121 2292 209">
     <span class='ocr_line' id='line_1_1' title="bbox 303 121 2292 209; baseline 0.005 -18"><span class='ocrx_word' id='word_1_1' title='bbox 303 136 410 191; x_wconf 79' lang='lat' dir='ltr'>DE</span> <span class='ocrx_word' id='word_1_2' title='bbox 441 133 703 191; x_wconf 80' lang='lat' dir='ltr'><em>CODJCE</em></span> <span class='ocrx_word' id='word_1_3' title='bbox 729 135 1043 193; x_wconf 77' lang='lat' dir='ltr'><em>ARGENT.</em></span> <span class='ocrx_word' id='word_1_4' title='bbox 1068 121 1176 190; x_wconf 74' lang='grc' dir='ltr'>ΕΤ</span> <span class='ocrx_word' id='word_1_5' title='bbox 1197 138 1561 196; x_wconf 70' lang='lat' dir='ltr'><em>LITTERAT.</em></span> <span class='ocrx_word' id='word_1_6' title='bbox 1594 141 2052 198; x_wconf 76' lang='lat' dir='ltr'><strong><em>MOESOGOHT.</em></strong></span> <span class='ocrx_word' id='word_1_7' title='bbox 2188 161 2292 209; x_wconf 85' lang='lat'>207</span> 
     </span>
    </p>
   </div>
   <div class='ocr_carea' id='block_1_2' title="bbox 31 247 2284 1705">
    <p class='ocr_par' dir='ltr' id='par_1_2' title="bbox 31 247 2284 1705">
     <span class='ocr_line' id='line_1_2' title="bbox 66 247 2284 327; baseline 0.005 -28"><span class='ocrx_word' id='word_1_8' title='bbox 66 266 243 300; x_wconf 82' lang='lat' dir='ltr'>merum</span> <span class='ocrx_word' id='word_1_9' title='bbox 267 250 610 310; x_wconf 85' lang='lat' dir='ltr'>nonagenarium</span> <span class='ocrx_word' id='word_1_10' title='bbox 622 284 634 305; x_wconf 94' lang='lat'>,</span> <span class='ocrx_word' id='word_1_11' title='bbox 668 248 866 311; x_wconf 84' lang='lat' dir='ltr'>locuples</span> <span class='ocrx_word' id='word_1_12' title='bbox 885 249 998 297; x_wconf 89' lang='lat' dir='ltr'>testis</span> <span class='ocrx_word' id='word_1_13' title='bbox 1018 249 1078 297; x_wconf 89' lang='lat' dir='ltr'>est</span> <span class='ocrx_word' id='word_1_14' title='bbox 1104 247 1297 301; x_wconf 78' lang='lat' dir='ltr'><em>Thomas</em></span> <span class='ocrx_word' id='word_1_15' title='bbox 1312 250 1647 318; x_wconf 68' lang='lat' dir='ltr'>Marqfclzallus</span> <span class='ocrx_word' id='word_1_16' title='bbox 1666 256 1712 300; x_wconf 86' lang='lat' dir='ltr'>in</span> <span class='ocrx_word' id='word_1_17' title='bbox 1737 258 1853 304; x_wconf 85' lang='lat' dir='ltr'>notis</span> <span class='ocrx_word' id='word_1_18' title='bbox 1871 255 1936 304; x_wconf 86' lang='lat' dir='ltr'>ad</span> <span class='ocrx_word' id='word_1_19' title='bbox 1950 272 2110 323; x_wconf 73' lang='lat' dir='ltr'>evang.</span> <span class='ocrx_word' id='word_1_20' title='bbox 2127 256 2284 327; x_wconf 77' lang='lat' dir='ltr'>Angla</span> 
     </span>
     <span class='ocr_line' id='line_1_3' title="bbox 67 314 2283 383; baseline 0.005 -22"><span class='ocrx_word' id='word_1_21' title='bbox 67 317 121 366; x_wconf 83' lang='lat' dir='ltr'>S.</span> <span class='ocrx_word' id='word_1_22' title='bbox 141 335 189 378; x_wconf 72' lang='lat' dir='ltr'>p.</span> <span class='ocrx_word' id='word_1_23' title='bbox 210 330 324 377; x_wconf 79' lang='lat'><strong>423.</strong></span> <span class='ocrx_word' id='word_1_24' title='bbox 343 316 517 374; x_wconf 86' lang='lat' dir='ltr'>aliique.</span> <span class='ocrx_word' id='word_1_25' title='bbox 584 317 790 361; x_wconf 86' lang='lat' dir='ltr'>Ceterum</span> <span class='ocrx_word' id='word_1_26' title='bbox 811 314 888 360; x_wconf 91' lang='lat' dir='ltr'>ubi</span> <span class='ocrx_word' id='word_1_27' title='bbox 905 319 950 361; x_wconf 86' lang='lat' dir='ltr'>in</span> <span class='ocrx_word' id='word_1_28' title='bbox 978 317 1130 362; x_wconf 84' lang='lat' dir='ltr'>multis</span> <span class='ocrx_word' id='word_1_29' title='bbox 1153 318 1377 365; x_wconf 87' lang='lat' dir='ltr'>codicibus</span> <span class='ocrx_word' id='word_1_30' title='bbox 1397 318 1701 383; x_wconf 84' lang='lat' dir='ltr'>manuscriptis</span> <span class='ocrx_word' id='word_1_31' title='bbox 1719 317 1845 358; x_wconf 53' lang='lat' dir='ltr'>dmm</span> <span class='ocrx_word' id='word_1_32' title='bbox 1871 321 1956 367; x_wconf 90' lang='lat' dir='ltr'>hoc</span> <span class='ocrx_word' id='word_1_33' title='bbox 1979 322 2107 369; x_wconf 80' lang='lat' dir='ltr'>instar</span> <span class='ocrx_word' id='word_1_34' title='bbox 2126 326 2169 372; x_wconf 91' lang='lat' dir='ltr'>G</span> <span class='ocrx_word' id='word_1_35' title='bbox 2190 325 2283 372; x_wconf 84' lang='lat' dir='ltr'>lati·</span> 
     </span>
     <span class='ocr_line' id='line_1_4' title="bbox 66 380 2282 452; baseline 0.005 -24"><span class='ocrx_word' id='word_1_36' title='bbox 66 399 230 430; x_wconf 87' lang='lat' dir='ltr'>norum</span> <span class='ocrx_word' id='word_1_37' title='bbox 257 381 483 443; x_wconf 85' lang='lat' dir='ltr'>pingitur,</span> <span class='ocrx_word' id='word_1_38' title='bbox 517 380 692 426; x_wconf 84' lang='lat' dir='ltr'>aliunde</span> <span class='ocrx_word' id='word_1_39' title='bbox 720 381 767 426; x_wconf 88' lang='lat' dir='ltr'>id</span> <span class='ocrx_word' id='word_1_40' title='bbox 796 398 887 427; x_wconf 84' lang='lat' dir='ltr'>non</span> <span class='ocrx_word' id='word_1_41' title='bbox 915 381 1117 440; x_wconf 74' lang='lat' dir='ltr'>evenisse,</span> <span class='ocrx_word' id='word_1_42' title='bbox 1150 385 1360 442; x_wconf 81' lang='lat' dir='ltr'>arbitror,</span> <span class='ocrx_word' id='word_1_43' title='bbox 1397 402 1530 445; x_wconf 89' lang='lat' dir='ltr'>quam</span> <span class='ocrx_word' id='word_1_44' title='bbox 1558 387 1680 448; x_wconf 86' lang='lat' dir='ltr'>quod</span> <span class='ocrx_word' id='word_1_45' title='bbox 1706 403 1791 448; x_wconf 90' lang='lat' dir='ltr'>pro</span> <span class='ocrx_word' id='word_1_46' title='bbox 1816 385 1888 451; x_wconf 65' lang='lat' dir='ltr'>{sk</span> <span class='ocrx_word' id='word_1_47' title='bbox 1918 388 2112 435; x_wconf 87' lang='lat' dir='ltr'>Gothico</span> <span class='ocrx_word' id='word_1_48' title='bbox 2140 388 2282 452; x_wconf 81' lang='lat' dir='ltr'>figura</span> 
     </span>
     <span class='ocr_line' id='line_1_5' title="bbox 66 444 2281 514; baseline 0.004 -19"><span class='ocrx_word' id='word_1_49' title='bbox 66 462 229 495; x_wconf 79' lang='lat' dir='ltr'>exarata</span> <span class='ocrx_word' id='word_1_50' title='bbox 247 446 378 494; x_wconf 89' lang='lat' dir='ltr'>fuerit</span> <span class='ocrx_word' id='word_1_51' title='bbox 397 445 451 492; x_wconf 87' lang='lat' dir='ltr'>ad</span> <span class='ocrx_word' id='word_1_52' title='bbox 469 462 503 512; x_wconf 84' lang='lat' dir='ltr'><em>g</em></span> <span class='ocrx_word' id='word_1_53' title='bbox 521 444 909 508; x_wconf 79' lang='lat' dir='ltr'>Longobardicum</span> <span class='ocrx_word' id='word_1_54' title='bbox 929 449 1154 505; x_wconf 78' lang='lat' dir='ltr'>accedens,</span> <span class='ocrx_word' id='word_1_55' title='bbox 1187 466 1273 511; x_wconf 86' lang='lat' dir='ltr'>pro</span> <span class='ocrx_word' id='word_1_56' title='bbox 1295 467 1378 510; x_wconf 86' lang='lat' dir='ltr'>qua</span> <span class='ocrx_word' id='word_1_57' title='bbox 1397 452 1578 499; x_wconf 85' lang='lat' dir='ltr'>demum</span> <span class='ocrx_word' id='word_1_58' title='bbox 1606 453 1846 499; x_wconf 87' lang='lat' dir='ltr'>maiuscula</span> <span class='ocrx_word' id='word_1_59' title='bbox 1874 452 1971 510; x_wconf 87' lang='lat' dir='ltr'>illa,</span> <span class='ocrx_word' id='word_1_60' title='bbox 2005 468 2210 514; x_wconf 83' lang='lat' dir='ltr'>tanquam</span> <span class='ocrx_word' id='word_1_61' title='bbox 2228 475 2281 503; x_wconf 82' lang='lat' dir='ltr'>ae·</span> 
     </span>
     <span class='ocr_line' id='line_1_6' title="bbox 65 510 2282 580; baseline 0.005 -22"><span class='ocrx_word' id='word_1_62' title='bbox 65 514 343 575; x_wconf 84' lang='lat' dir='ltr'>quipollens,</span> <span class='ocrx_word' id='word_1_63' title='bbox 377 510 531 559; x_wconf 88' lang='lat' dir='ltr'>inserta</span> <span class='ocrx_word' id='word_1_64' title='bbox 549 513 734 563; x_wconf 83' lang='lat' dir='ltr'>videtur.</span> <span class='ocrx_word' id='word_1_65' title='bbox 801 514 917 560; x_wconf 85' lang='lat' dir='ltr'>Alias</span> <span class='ocrx_word' id='word_1_66' title='bbox 937 515 1054 559; x_wconf 90' lang='lat' dir='ltr'>enim</span> <span class='ocrx_word' id='word_1_67' title='bbox 1075 515 1118 560; x_wconf 89' lang='lat' dir='ltr'>G</span> <span class='ocrx_word' id='word_1_68' title='bbox 1140 516 1230 562; x_wconf 90' lang='lat' dir='ltr'>vice</span> <span class='ocrx_word' id='word_1_69' title='bbox 1260 519 1424 576; x_wconf 89' lang='lat' dir='ltr'>prioris</span> <span class='ocrx_word' id='word_1_70' title='bbox 1450 517 1723 577; x_wconf 72' lang='lat' dir='ltr'>episen1i1³0²v</span> <span class='ocrx_word' id='word_1_71' title='bbox 1749 518 2014 579; x_wconf 82' lang='lat' dir='ltr'>ponebatur:</span> <span class='ocrx_word' id='word_1_72' title='bbox 2052 523 2194 580; x_wconf 88' lang='lat' dir='ltr'>quivis</span> <span class='ocrx_word' id='word_1_73' title='bbox 2212 538 2282 568; x_wconf 82' lang='lat' dir='ltr'>ve-</span> 
     </span>
     <span class='ocr_line' id='line_1_7' title="bbox 62 576 2280 646; baseline 0.003 -19"><span class='ocrx_word' id='word_1_74' title='bbox 62 597 116 627; x_wconf 82' lang='lat' dir='ltr'>ro</span> <span class='ocrx_word' id='word_1_75' title='bbox 147 577 271 626; x_wconf 85' lang='lat' dir='ltr'>facile</span> <span class='ocrx_word' id='word_1_76' title='bbox 297 577 577 636; x_wconf 80' lang='lat' dir='ltr'>existimabit,</span> <span class='ocrx_word' id='word_1_77' title='bbox 610 577 824 625; x_wconf 86' lang='lat' dir='ltr'>absonum</span> <span class='ocrx_word' id='word_1_78' title='bbox 858 576 1007 637; x_wconf 81' lang='lat' dir='ltr'>fuiss&#39;e,</span> <span class='ocrx_word' id='word_1_79' title='bbox 1044 580 1225 626; x_wconf 87' lang='lat' dir='ltr'>eandem</span> <span class='ocrx_word' id='word_1_80' title='bbox 1251 581 1439 642; x_wconf 85' lang='lat' dir='ltr'>figuram</span> <span class='ocrx_word' id='word_1_81' title='bbox 1467 584 1511 629; x_wconf 75' lang='grc' dir='ltr'>ὅτ</span> <span class='ocrx_word' id='word_1_82' title='bbox 1530 586 1619 632; x_wconf 84' lang='lat'>6&amp;</span> <span class='ocrx_word' id='word_1_83' title='bbox 1636 599 1702 644; x_wconf 84' lang='lat'>90</span> <span class='ocrx_word' id='word_1_84' title='bbox 1731 583 2009 646; x_wconf 71' lang='lat' dir='ltr'>fignificaffe.&#39;</span> <span class='ocrx_word' id='word_1_85' title='bbox 2058 588 2121 633; x_wconf 88' lang='lat' dir='ltr'>Ita</span> <span class='ocrx_word' id='word_1_86' title='bbox 2148 589 2280 636; x_wconf 90' lang='lat' dir='ltr'>etiam</span> 
     </span>
     <span class='ocr_line' id='line_1_8' title="bbox 59 643 2280 718; baseline 0.005 -26"><span class='ocrx_word' id='word_1_87' title='bbox 59 643 374 709; x_wconf 86' lang='lat' dir='ltr'>perspicimus,</span> <span class='ocrx_word' id='word_1_88' title='bbox 409 662 489 691; x_wconf 80' lang='lat' dir='ltr'>cur</span> <span class='ocrx_word' id='word_1_89' title='bbox 511 644 702 692; x_wconf 88' lang='lat' dir='ltr'>Gothica</span> <span class='ocrx_word' id='word_1_90' title='bbox 724 643 869 691; x_wconf 86' lang='lat' dir='ltr'>nostra</span> <span class='ocrx_word' id='word_1_91' title='bbox 895 645 1036 691; x_wconf 89' lang='lat' dir='ltr'>littera</span> <span class='ocrx_word' id='word_1_92' title='bbox 1061 645 1201 694; x_wconf 91' lang='lat' dir='ltr'>modo</span> <span class='ocrx_word' id='word_1_93' title='bbox 1227 662 1276 694; x_wconf 91' lang='lat' dir='ltr'>ut</span> <span class='ocrx_word' id='word_1_94' title='bbox 1306 647 1526 695; x_wconf 89' lang='lat' dir='ltr'>inversum</span> <span class='ocrx_word' id='word_1_95' title='bbox 1545 654 1600 707; x_wconf 89' lang='lat' dir='ltr'>P,</span> <span class='ocrx_word' id='word_1_96' title='bbox 1632 651 1770 697; x_wconf 87' lang='lat' dir='ltr'>modo</span> <span class='ocrx_word' id='word_1_97' title='bbox 1796 666 1843 698; x_wconf 93' lang='lat' dir='ltr'>ut</span> <span class='ocrx_word' id='word_1_98' title='bbox 1867 667 1898 716; x_wconf 80' lang='lat' dir='ltr'><em>q</em></span> <span class='ocrx_word' id='word_1_99' title='bbox 1927 651 1993 697; x_wconf 89' lang='lat' dir='ltr'>vel</span> <span class='ocrx_word' id='word_1_100' title='bbox 2005 668 2043 718; x_wconf 87' lang='lat' dir='ltr'><strong><em>g</em></strong></span> <span class='ocrx_word' id='word_1_101' title='bbox 2064 653 2193 700; x_wconf 88' lang='lat' dir='ltr'>nobis</span> <span class='ocrx_word' id='word_1_102' title='bbox 2219 653 2280 702; x_wconf 90' lang='lat' dir='ltr'>ob</span> 
     </span>
     <span class='ocr_line' id='line_1_9' title="bbox 55 708 2280 774; baseline 0.005 -18"><span class='ocrx_word' id='word_1_103' title='bbox 55 713 216 759; x_wconf 79' lang='lat' dir='ltr'>oculos</span> <span class='ocrx_word' id='word_1_104' title='bbox 234 727 439 774; x_wconf 85' lang='lat' dir='ltr'>ponatur.</span> <span class='ocrx_word' id='word_1_105' title='bbox 507 712 701 757; x_wconf 86' lang='lat' dir='ltr'>Licentia</span> <span class='ocrx_word' id='word_1_106' title='bbox 719 727 822 757; x_wconf 87' lang='lat' dir='ltr'>vero</span> <span class='ocrx_word' id='word_1_107' title='bbox 842 712 977 756; x_wconf 89' lang='lat' dir='ltr'>nimia</span> <span class='ocrx_word' id='word_1_108' title='bbox 996 708 1105 768; x_wconf 87' lang='lat' dir='ltr'>fuit,</span> <span class='ocrx_word' id='word_1_109' title='bbox 1141 729 1238 771; x_wconf 84' lang='lat' dir='ltr'>quae</span> <span class='ocrx_word' id='word_1_110' title='bbox 1259 713 1408 760; x_wconf 88' lang='lat' dir='ltr'>demto</span> <span class='ocrx_word' id='word_1_111' title='bbox 1430 715 1621 763; x_wconf 88' lang='lat' dir='ltr'>dimidio</span> <span class='ocrx_word' id='word_1_112' title='bbox 1642 715 1809 773; x_wconf 83' lang='lat' dir='ltr'>fulcro,</span> <span class='ocrx_word' id='word_1_113' title='bbox 1844 735 1940 764; x_wconf 89' lang='lat' dir='ltr'>eam</span> <span class='ocrx_word' id='word_1_114' title='bbox 1959 719 2012 765; x_wconf 81' lang='lat' dir='ltr'>ad</span> <span class='ocrx_word' id='word_1_115' title='bbox 2035 717 2165 765; x_wconf 86' lang='lat' dir='ltr'>instar</span> <span class='ocrx_word' id='word_1_116' title='bbox 2189 722 2280 768; x_wconf 85' lang='lat' dir='ltr'>Ru-</span> 
     </span>
     <span class='ocr_line' id='line_1_10' title="bbox 57 775 2282 844; baseline 0.003 -19"><span class='ocrx_word' id='word_1_117' title='bbox 57 780 145 825; x_wconf 87' lang='lat' dir='ltr'>nici</span> <span class='ocrx_word' id='word_1_118' title='bbox 165 780 191 833; x_wconf 75' lang='lat'>¹7</span> <span class='ocrx_word' id='word_1_119' title='bbox 218 776 402 834; x_wconf 86' lang='lat' dir='ltr'>effinxit,</span> <span class='ocrx_word' id='word_1_120' title='bbox 437 777 481 823; x_wconf 87' lang='lat'>&amp;</span> <span class='ocrx_word' id='word_1_121' title='bbox 500 776 676 823; x_wconf 87' lang='lat' dir='ltr'>tandem</span> <span class='ocrx_word' id='word_1_122' title='bbox 705 775 837 824; x_wconf 82' lang='lat' dir='ltr'>instar</span> <span class='ocrx_word' id='word_1_123' title='bbox 865 779 893 822; x_wconf 90' lang='lat' dir='ltr'>S</span> <span class='ocrx_word' id='word_1_124' title='bbox 919 777 1180 834; x_wconf 81' lang='lat' dir='ltr'>latinorum,</span> <span class='ocrx_word' id='word_1_125' title='bbox 1215 793 1264 826; x_wconf 91' lang='lat' dir='ltr'>ut</span> <span class='ocrx_word' id='word_1_126' title='bbox 1287 793 1425 826; x_wconf 86' lang='lat' dir='ltr'>cetera</span> <span class='ocrx_word' id='word_1_127' title='bbox 1454 797 1725 841; x_wconf 62' lang='lat' dir='ltr'>praeteream.</span> <span class='ocrx_word' id='word_1_128' title='bbox 1793 784 2040 831; x_wconf 87' lang='lat' dir='ltr'>Collineant</span> <span class='ocrx_word' id='word_1_129' title='bbox 2066 802 2170 833; x_wconf 90' lang='lat' dir='ltr'>vero</span> <span class='ocrx_word' id='word_1_130' title='bbox 2193 785 2282 844; x_wconf 78' lang='lat' dir='ltr'>illa,</span> 
     </span>
     <span class='ocr_line' id='line_1_11' title="bbox 58 839 2278 912; baseline 0.004 -20"><span class='ocrx_word' id='word_1_131' title='bbox 58 861 154 906; x_wconf 84' lang='lat' dir='ltr'>quae</span> <span class='ocrx_word' id='word_1_132' title='bbox 174 863 198 893; x_wconf 85' lang='lat' dir='ltr'>a</span> <span class='ocrx_word' id='word_1_133' title='bbox 219 863 289 892; x_wconf 88' lang='lat' dir='ltr'>me</span> <span class='ocrx_word' id='word_1_134' title='bbox 309 844 495 891; x_wconf 89' lang='lat' dir='ltr'>breviter</span> <span class='ocrx_word' id='word_1_135' title='bbox 515 840 630 889; x_wconf 65' lang='grc' dir='ltr'>ἀὶἃα</span> <span class='ocrx_word' id='word_1_136' title='bbox 648 839 768 898; x_wconf 87' lang='lat' dir='ltr'>sunt,</span> <span class='ocrx_word' id='word_1_137' title='bbox 803 859 855 889; x_wconf 86' lang='lat' dir='ltr'>eo</span> <span class='ocrx_word' id='word_1_138' title='bbox 876 845 1122 904; x_wconf 78' lang='lat' dir='ltr'>praecipue,</span> <span class='ocrx_word' id='word_1_139' title='bbox 1155 859 1206 891; x_wconf 94' lang='lat' dir='ltr'>ut</span> <span class='ocrx_word' id='word_1_140' title='bbox 1223 860 1448 907; x_wconf 81' lang='lat' dir='ltr'>appareat,</span> <span class='ocrx_word' id='word_1_141' title='bbox 1485 848 1725 896; x_wconf 84' lang='lat' dir='ltr'>Gothicam</span> <span class='ocrx_word' id='word_1_142' title='bbox 1752 848 1940 896; x_wconf 85' lang='lat' dir='ltr'>litteram</span> <span class='ocrx_word' id='word_1_143' title='bbox 1959 847 2110 908; x_wconf 78' lang='lat' dir='ltr'>fuiss’e,</span> <span class='ocrx_word' id='word_1_144' title='bbox 2145 868 2278 912; x_wconf 87' lang='lat' dir='ltr'>quam</span> 
     </span>
     <span class='ocr_line' id='line_1_12' title="bbox 56 905 1152 974; baseline 0.007 -25"><span class='ocrx_word' id='word_1_145' title='bbox 56 928 143 974; x_wconf 75' lang='lat' dir='ltr'>pro</span> <span class='ocrx_word' id='word_1_146' title='bbox 171 905 330 960; x_wconf 64' lang='grc' dir='ltr'>ἐπισίμῳ</span> <span class='ocrx_word' id='word_1_147' title='bbox 359 925 595 970; x_wconf 88' lang='lat' dir='ltr'>computus</span> <span class='ocrx_word' id='word_1_148' title='bbox 615 910 878 956; x_wconf 86' lang='lat' dir='ltr'>Graecorum</span> <span class='ocrx_word' id='word_1_149' title='bbox 906 907 1152 970; x_wconf 80' lang='lat' dir='ltr'>usurpavit.</span> 
     </span>
     <span class='ocr_line' id='line_1_13' title="bbox 189 975 2276 1044; baseline 0.004 -21"><span class='ocrx_word' id='word_1_150' title='bbox 189 977 259 1024; x_wconf 83' lang='lat' dir='ltr'>Ad</span> <span class='ocrx_word' id='word_1_151' title='bbox 279 975 412 1022; x_wconf 78' lang='lat' dir='ltr'>finem</span> <span class='ocrx_word' id='word_1_152' title='bbox 431 975 654 1036; x_wconf 83' lang='lat' dir='ltr'>alphabeti</span> <span class='ocrx_word' id='word_1_153' title='bbox 672 975 926 1039; x_wconf 80' lang='lat' dir='ltr'>Hickefiani</span> <span class='ocrx_word' id='word_1_154' title='bbox 943 992 1179 1024; x_wconf 89' lang='lat' dir='ltr'>occurrunt</span> <span class='ocrx_word' id='word_1_155' title='bbox 1198 976 1289 1024; x_wconf 89' lang='lat' dir='ltr'>duo</span> <span class='ocrx_word' id='word_1_156' title='bbox 1309 977 1391 1024; x_wconf 88' lang='lat' dir='ltr'>alia</span> <span class='ocrx_word' id='word_1_157' title='bbox 1414 975 1627 1040; x_wconf 88' lang='lat' dir='ltr'>episema,</span> <span class='ocrx_word' id='word_1_158' title='bbox 1661 996 1756 1041; x_wconf 87' lang='lat' dir='ltr'>quae</span> <span class='ocrx_word' id='word_1_159' title='bbox 1776 980 1897 1028; x_wconf 82' lang='lat' dir='ltr'>haud</span> <span class='ocrx_word' id='word_1_160' title='bbox 1919 980 2052 1030; x_wconf 88' lang='lat' dir='ltr'>dubie</span> <span class='ocrx_word' id='word_1_161' title='bbox 2069 981 2276 1044; x_wconf 84' lang='lat' dir='ltr'>fignifica-</span> 
     </span>
     <span class='ocr_line' id='line_1_14' title="bbox 31 1038 1571 1110; baseline 0.003 -20"><span class='ocrx_word' id='word_1_162' title='bbox 31 1058 159 1092; x_wconf 52' lang='lat' dir='ltr'>*ffunt</span> <span class='ocrx_word' id='word_1_163' title='bbox 177 1058 279 1103; x_wconf 71' lang='lat'>900</span> <span class='ocrx_word' id='word_1_164' title='bbox 297 1042 340 1088; x_wconf 74' lang='grc' dir='ltr'>ὅτ</span> <span class='ocrx_word' id='word_1_165' title='bbox 364 1056 512 1096; x_wconf 87' lang='lat'>1000,</span> <span class='ocrx_word' id='word_1_166' title='bbox 550 1057 652 1087; x_wconf 89' lang='lat' dir='ltr'>cum</span> <span class='ocrx_word' id='word_1_167' title='bbox 670 1038 835 1088; x_wconf 62' lang='lat' dir='ltr'>adiefi&#39;ta</span> <span class='ocrx_word' id='word_1_168' title='bbox 855 1043 1029 1099; x_wconf 85' lang='lat' dir='ltr'>notula,</span> <span class='ocrx_word' id='word_1_169' title='bbox 1065 1042 1262 1110; x_wconf 80' lang='lat' dir='ltr'>Signum</span> <span class='ocrx_word' id='word_1_170' title='bbox 1281 1060 1366 1092; x_wconf 87' lang='lat' dir='ltr'>non</span> <span class='ocrx_word' id='word_1_171' title='bbox 1383 1045 1571 1095; x_wconf 52' lang='lat' dir='ltr'>litterae⁴</span> 
     </span>
     <span class='ocr_line' id='line_1_15' title="bbox 190 1106 2276 1173; baseline 0.003 -18"><span class='ocrx_word' id='word_1_172' title='bbox 190 1107 289 1156; x_wconf 89' lang='lat' dir='ltr'>Post</span> <span class='ocrx_word' id='word_1_173' title='bbox 306 1109 397 1154; x_wconf 85' lang='lat' dir='ltr'>haec</span> <span class='ocrx_word' id='word_1_174' title='bbox 415 1108 557 1154; x_wconf 86' lang='lat' dir='ltr'>Ebraei</span> <span class='ocrx_word' id='word_1_175' title='bbox 575 1107 618 1154; x_wconf 71' lang='grc' dir='ltr'>ὅ(</span> <span class='ocrx_word' id='word_1_176' title='bbox 635 1106 800 1165; x_wconf 80' lang='lat' dir='ltr'>Gothi,</span> <span class='ocrx_word' id='word_1_177' title='bbox 833 1110 912 1168; x_wconf 83' lang='lat' dir='ltr'>qui</span> <span class='ocrx_word' id='word_1_178' title='bbox 935 1107 1094 1155; x_wconf 74' lang='lat' dir='ltr'>iunffls</span> <span class='ocrx_word' id='word_1_179' title='bbox 1121 1111 1364 1171; x_wconf 84' lang='lat' dir='ltr'>iisdemque</span> <span class='ocrx_word' id='word_1_180' title='bbox 1393 1111 1568 1159; x_wconf 88' lang='lat' dir='ltr'>calculis</span> <span class='ocrx_word' id='word_1_181' title='bbox 1596 1111 1822 1173; x_wconf 84' lang='lat' dir='ltr'>hucusque</span> <span class='ocrx_word' id='word_1_182' title='bbox 1849 1129 2200 1173; x_wconf 80' lang='lat' dir='ltr'>numeraverant,</span> <span class='ocrx_word' id='word_1_183' title='bbox 2228 1115 2276 1162; x_wconf 90' lang='lat' dir='ltr'>in</span> 
     </span>
     <span class='ocr_line' id='line_1_16' title="bbox 54 1173 2275 1242; baseline 0.002 -18"><span class='ocrx_word' id='word_1_184' title='bbox 54 1173 219 1225; x_wconf 85' lang='lat' dir='ltr'>diversa</span> <span class='ocrx_word' id='word_1_185' title='bbox 237 1175 420 1231; x_wconf 86' lang='lat' dir='ltr'>abeunt,</span> <span class='ocrx_word' id='word_1_186' title='bbox 455 1175 510 1220; x_wconf 86' lang='lat' dir='ltr'>ita</span> <span class='ocrx_word' id='word_1_187' title='bbox 533 1174 714 1234; x_wconf 87' lang='lat' dir='ltr'>quidem</span> <span class='ocrx_word' id='word_1_188' title='bbox 727 1210 739 1231; x_wconf 94' lang='lat'>,</span> <span class='ocrx_word' id='word_1_189' title='bbox 775 1189 825 1220; x_wconf 90' lang='lat' dir='ltr'>ut</span> <span class='ocrx_word' id='word_1_190' title='bbox 842 1175 1046 1233; x_wconf 87' lang='lat' dir='ltr'>Gothus,</span> <span class='ocrx_word' id='word_1_191' title='bbox 1079 1193 1214 1223; x_wconf 88' lang='lat' dir='ltr'>unam</span> <span class='ocrx_word' id='word_1_192' title='bbox 1232 1178 1420 1223; x_wconf 84' lang='lat' dir='ltr'>litteram</span> <span class='ocrx_word' id='word_1_193' title='bbox 1439 1178 1573 1225; x_wconf 90' lang='lat' dir='ltr'>veluti</span> <span class='ocrx_word' id='word_1_194' title='bbox 1594 1177 1838 1237; x_wconf 76' lang='lat' dir='ltr'>absorbenS,</span> <span class='ocrx_word' id='word_1_195' title='bbox 1859 1181 2103 1239; x_wconf 85' lang='lat' dir='ltr'>orientales,</span> <span class='ocrx_word' id='word_1_196' title='bbox 2123 1198 2275 1242; x_wconf 78' lang='lat' dir='ltr'>quem·</span> 
     </span>
     <span class='ocr_line' id='line_1_17' title="bbox 53 1238 1978 1307; baseline 0.001 -16"><span class='ocrx_word' id='word_1_197' title='bbox 53 1242 298 1292; x_wconf 83' lang='lat' dir='ltr'>admodum</span> <span class='ocrx_word' id='word_1_198' title='bbox 324 1255 447 1287; x_wconf 84' lang='lat' dir='ltr'>antea</span> <span class='ocrx_word' id='word_1_199' title='bbox 470 1243 503 1299; x_wconf 85' lang='lat'>§.</span> <span class='ocrx_word' id='word_1_200' title='bbox 522 1242 653 1286; x_wconf 92' lang='lat' dir='ltr'>XXV.</span> <span class='ocrx_word' id='word_1_201' title='bbox 676 1238 1002 1307; x_wconf 78' lang='lat' dir='ltr'>observavimus</span> <span class='ocrx_word' id='word_1_202' title='bbox 1015 1278 1026 1298; x_wconf 93' lang='lat'>,</span> <span class='ocrx_word' id='word_1_203' title='bbox 1060 1246 1264 1289; x_wconf 88' lang='lat' dir='ltr'>continue</span> <span class='ocrx_word' id='word_1_204' title='bbox 1283 1243 1327 1290; x_wconf 70' lang='grc' dir='ltr'>ὃ(</span> <span class='ocrx_word' id='word_1_205' title='bbox 1344 1243 1398 1290; x_wconf 87' lang='lat' dir='ltr'>ad</span> <span class='ocrx_word' id='word_1_206' title='bbox 1416 1243 1549 1291; x_wconf 87' lang='lat' dir='ltr'>finem</span> <span class='ocrx_word' id='word_1_207' title='bbox 1569 1262 1704 1305; x_wconf 83' lang='lat' dir='ltr'>usque</span> <span class='ocrx_word' id='word_1_208' title='bbox 1725 1261 1978 1307; x_wconf 77' lang='lat' dir='ltr'>praecurrat.</span> 
     </span>
     <span class='ocr_line' id='line_1_18' title="bbox 187 1307 2271 1374; baseline 0.003 -19"><span class='ocrx_word' id='word_1_209' title='bbox 187 1310 226 1355; x_wconf 91' lang='lat' dir='ltr'><strong>R</strong></span> <span class='ocrx_word' id='word_1_210' title='bbox 255 1324 413 1355; x_wconf 86' lang='lat' dir='ltr'>canum</span> <span class='ocrx_word' id='word_1_211' title='bbox 445 1307 654 1353; x_wconf 89' lang='lat' dir='ltr'>hirritum</span> <span class='ocrx_word' id='word_1_212' title='bbox 686 1308 731 1354; x_wconf 89' lang='lat' dir='ltr'>in</span> <span class='ocrx_word' id='word_1_213' title='bbox 762 1307 968 1355; x_wconf 87' lang='lat' dir='ltr'>omnibus</span> <span class='ocrx_word' id='word_1_214' title='bbox 996 1308 1159 1368; x_wconf 86' lang='lat' dir='ltr'>linguis</span> <span class='ocrx_word' id='word_1_215' title='bbox 1187 1310 1405 1367; x_wconf 86' lang='lat' dir='ltr'>imitatur,</span> <span class='ocrx_word' id='word_1_216' title='bbox 1456 1311 1620 1370; x_wconf 85' lang='lat' dir='ltr'>aequale</span> <span class='ocrx_word' id='word_1_217' title='bbox 1648 1311 1752 1360; x_wconf 89' lang='lat' dir='ltr'>Ebr.</span> <span class='ocrx_word' id='word_1_218' title='bbox 1773 1333 1808 1363; x_wconf 67' lang='grc' dir='ltr'>η.</span> <span class='ocrx_word' id='word_1_219' title='bbox 1859 1313 2071 1374; x_wconf 85' lang='lat' dir='ltr'>Exempla</span> <span class='ocrx_word' id='word_1_220' title='bbox 2104 1312 2271 1374; x_wconf 89' lang='lat' dir='ltr'>ubique</span> 
     </span>
     <span class='ocr_line' id='line_1_19' title="bbox 52 1370 2271 1443; baseline 0.002 -20"><span class='ocrx_word' id='word_1_221' title='bbox 52 1373 270 1440; x_wconf 86' lang='lat' dir='ltr'>prostant,</span> <span class='ocrx_word' id='word_1_222' title='bbox 305 1375 418 1420; x_wconf 89' lang='lat' dir='ltr'>utin</span> <span class='ocrx_word' id='word_1_223' title='bbox 437 1370 695 1429; x_wconf 78' lang='lat' dir='ltr'>Abrabam,</span> <span class='ocrx_word' id='word_1_224' title='bbox 730 1376 860 1438; x_wconf 80' lang='lat' dir='ltr'>rign,</span> <span class='ocrx_word' id='word_1_225' title='bbox 897 1374 1069 1433; x_wconf 85' lang='lat' dir='ltr'>pluvia,</span> <span class='ocrx_word' id='word_1_226' title='bbox 1102 1375 1253 1424; x_wconf 73' lang='lat' dir='ltr'>Sueth.</span> <span class='ocrx_word' id='word_1_227' title='bbox 1277 1391 1403 1440; x_wconf 83' lang='lat' dir='ltr'>regn.</span> <span class='ocrx_word' id='word_1_228' title='bbox 1440 1377 1594 1425; x_wconf 81' lang='lat' dir='ltr'>Germ.</span> <span class='ocrx_word' id='word_1_229' title='bbox 1616 1393 1767 1443; x_wconf 78' lang='lat' dir='ltr'>regen.</span> <span class='ocrx_word' id='word_1_230' title='bbox 2270 1393 2271 1396; x_wconf 73' lang='grc'>’</span> 
     </span>
     <span class='ocr_line' id='line_1_20' title="bbox 188 1438 2269 1509; baseline 0.002 -24"><span class='ocrx_word' id='word_1_231' title='bbox 188 1441 218 1489; x_wconf 94' lang='lat' dir='ltr'>S</span> <span class='ocrx_word' id='word_1_232' title='bbox 237 1440 358 1500; x_wconf 84' lang='lat' dir='ltr'>apud</span> <span class='ocrx_word' id='word_1_233' title='bbox 380 1440 555 1488; x_wconf 87' lang='lat' dir='ltr'>Gothos</span> <span class='ocrx_word' id='word_1_234' title='bbox 574 1438 721 1500; x_wconf 84' lang='lat' dir='ltr'>sonuit</span> <span class='ocrx_word' id='word_1_235' title='bbox 739 1440 858 1499; x_wconf 89' lang='lat' dir='ltr'>quod</span> <span class='ocrx_word' id='word_1_236' title='bbox 879 1444 909 1476; x_wconf 81' lang='grc' dir='ltr'><strong>Σ</strong></span> <span class='ocrx_word' id='word_1_237' title='bbox 929 1441 1010 1489; x_wconf 81' lang='lat' dir='ltr'>Gr.</span> <span class='ocrx_word' id='word_1_238' title='bbox 1039 1440 1082 1486; x_wconf 78' lang='grc' dir='ltr'>ὃ(</span> <span class='ocrx_word' id='word_1_239' title='bbox 1109 1443 1137 1486; x_wconf 94' lang='lat' dir='ltr'>S</span> <span class='ocrx_word' id='word_1_240' title='bbox 1164 1441 1422 1492; x_wconf 79' lang='lat' dir='ltr'>latinorum.</span> <span class='ocrx_word' id='word_1_241' title='bbox 1491 1445 1663 1490; x_wconf 89' lang='lat' dir='ltr'>Locum</span> <span class='ocrx_word' id='word_1_242' title='bbox 1689 1461 1794 1491; x_wconf 90' lang='lat' dir='ltr'>vero</span> <span class='ocrx_word' id='word_1_243' title='bbox 1823 1461 2009 1509; x_wconf 84' lang='lat' dir='ltr'>occupat</span> <span class='ocrx_word' id='word_1_244' title='bbox 2038 1443 2183 1493; x_wconf 86' lang='lat' dir='ltr'>Ebraei</span> <span class='ocrx_word' id='word_1_245' title='bbox 2217 1465 2269 1505; x_wconf 66' lang='lat' dir='ltr'>w,</span> 
     </span>
     <span class='ocr_line' id='line_1_21' title="bbox 51 1504 1289 1568; baseline -0.001 -11"><span class='ocrx_word' id='word_1_246' title='bbox 51 1523 102 1557; x_wconf 85' lang='lat' dir='ltr'>ut</span> <span class='ocrx_word' id='word_1_247' title='bbox 120 1510 166 1554; x_wconf 90' lang='lat' dir='ltr'>in</span> <span class='ocrx_word' id='word_1_248' title='bbox 185 1505 283 1556; x_wconf 83' lang='lat' dir='ltr'>Sem</span> <span class='ocrx_word' id='word_1_249' title='bbox 301 1505 485 1566; x_wconf 84' lang='lat' dir='ltr'>aliisque</span> <span class='ocrx_word' id='word_1_250' title='bbox 505 1504 761 1552; x_wconf 82' lang='lat' dir='ltr'>nominibus</span> <span class='ocrx_word' id='word_1_251' title='bbox 780 1509 980 1568; x_wconf 90' lang='lat' dir='ltr'>propriis</span> <span class='ocrx_word' id='word_1_252' title='bbox 1006 1506 1155 1554; x_wconf 87' lang='lat' dir='ltr'>videre</span> <span class='ocrx_word' id='word_1_253' title='bbox 1174 1507 1289 1557; x_wconf 82' lang='lat' dir='ltr'>licet.</span> 
     </span>
     <span class='ocr_line' id='line_1_22' title="bbox 187 1571 2269 1642; baseline 0.004 -22"><span class='ocrx_word' id='word_1_254' title='bbox 187 1576 235 1620; x_wconf 91' lang='lat' dir='ltr'>T</span> <span class='ocrx_word' id='word_1_255' title='bbox 254 1571 312 1620; x_wconf 90' lang='lat' dir='ltr'>est</span> <span class='ocrx_word' id='word_1_256' title='bbox 330 1593 357 1626; x_wconf 67' lang='lat' dir='ltr'>n</span> <span class='ocrx_word' id='word_1_257' title='bbox 383 1573 665 1619; x_wconf 83' lang='lat' dir='ltr'>Ebraeorum:</span> <span class='ocrx_word' id='word_1_258' title='bbox 699 1573 822 1632; x_wconf 84' lang='lat' dir='ltr'>quod</span> <span class='ocrx_word' id='word_1_259' title='bbox 847 1573 925 1620; x_wconf 89' lang='lat' dir='ltr'>ubi</span> <span class='ocrx_word' id='word_1_260' title='bbox 951 1574 1164 1631; x_wconf 86' lang='lat' dir='ltr'>diximus,</span> <span class='ocrx_word' id='word_1_261' title='bbox 1200 1574 1253 1622; x_wconf 92' lang='lat' dir='ltr'>de</span> <span class='ocrx_word' id='word_1_262' title='bbox 1280 1571 1388 1622; x_wconf 89' lang='lat' dir='ltr'>sono</span> <span class='ocrx_word' id='word_1_263' title='bbox 1418 1577 1512 1625; x_wconf 90' lang='lat' dir='ltr'>eius</span> <span class='ocrx_word' id='word_1_264' title='bbox 1537 1575 1634 1626; x_wconf 85' lang='lat' dir='ltr'>satis</span> <span class='ocrx_word' id='word_1_265' title='bbox 1665 1575 1834 1633; x_wconf 66' lang='lat' dir='ltr'>distum</span> <span class='ocrx_word' id='word_1_266' title='bbox 1860 1594 1992 1642; x_wconf 67' lang='lat' dir='ltr'>pute.</span> <span class='ocrx_word' id='word_1_267' title='bbox 2060 1580 2269 1631; x_wconf 81' lang='lat' dir='ltr'>Occurrit</span> 
     </span>
     <span class='ocr_line' id='line_1_23' title="bbox 50 1638 2162 1705; baseline 0.003 -16"><span class='ocrx_word' id='word_1_268' title='bbox 50 1638 101 1690; x_wconf 84' lang='lat' dir='ltr'>in</span> <span class='ocrx_word' id='word_1_269' title='bbox 116 1639 389 1699; x_wconf 80' lang='lat' dir='ltr'>taitrarkes,</span> <span class='ocrx_word' id='word_1_270' title='bbox 422 1639 659 1701; x_wconf 87' lang='lat' dir='ltr'>tetrarcha,</span> <span class='ocrx_word' id='word_1_271' title='bbox 693 1641 862 1699; x_wconf 78' lang='lat' dir='ltr'>taikns,</span> <span class='ocrx_word' id='word_1_272' title='bbox 893 1639 1093 1705; x_wconf 87' lang='lat' dir='ltr'>fignum,</span> <span class='ocrx_word' id='word_1_273' title='bbox 1128 1641 1280 1691; x_wconf 83' lang='lat' dir='ltr'>Sueth.</span> <span class='ocrx_word' id='word_1_274' title='bbox 1310 1640 1426 1696; x_wconf 84' lang='lat' dir='ltr'>tekn.</span> <span class='ocrx_word' id='word_1_275' title='bbox 2160 1670 2162 1672; x_wconf 96' lang='lat'>·</span> 
     </span>
    </p>
   </div>
   <div class='ocr_carea' id='block_1_3' title="bbox 1014 1754 1308 1816">
    <p class='ocr_par' dir='ltr' id='par_1_3' title="bbox 1014 1754 1308 1816">
     <span class='ocr_line' id='line_1_24' title="bbox 1014 1754 1308 1816; baseline 0.01 -11"><span class='ocrx_word' id='word_1_276' title='bbox 1014 1756 1054 1816; x_wconf 62' lang='grc' dir='ltr'>ς.</span> <span class='ocrx_word' id='word_1_277' title='bbox 1121 1754 1308 1808; x_wconf 73' lang='lat' dir='ltr'>xxvii.</span> 
     </span>
    </p>
   </div>
   <div class='ocr_carea' id='block_1_4' title="bbox 4 1838 2265 2771">
    <p class='ocr_par' dir='ltr' id='par_1_4' title="bbox 4 1838 2265 2771">
     <span class='ocr_line' id='line_1_25' title="bbox 141 1838 2265 1913; baseline 0.003 -23"><span class='ocrx_word' id='word_1_278' title='bbox 141 1842 452 1904; x_wconf 68' lang='lat' dir='ltr'>gHucusque,</span> <span class='ocrx_word' id='word_1_279' title='bbox 484 1839 528 1891; x_wconf 64' lang='lat'>8&lt;</span> <span class='ocrx_word' id='word_1_280' title='bbox 546 1840 655 1890; x_wconf 89' lang='lat' dir='ltr'>dum</span> <span class='ocrx_word' id='word_1_281' title='bbox 676 1838 805 1906; x_wconf 79' lang='lat' dir='ltr'>positi</span> <span class='ocrx_word' id='word_1_282' title='bbox 823 1840 876 1890; x_wconf 85' lang='lat' dir='ltr'>ad</span> <span class='ocrx_word' id='word_1_283' title='bbox 898 1843 1140 1906; x_wconf 84' lang='lat' dir='ltr'>marginem</span> <span class='ocrx_word' id='word_1_284' title='bbox 1159 1839 1323 1895; x_wconf 74' lang='lat' dir='ltr'>codicis</span> <span class='ocrx_word' id='word_1_285' title='bbox 1341 1848 1549 1913; x_wconf 80' lang='lat' dir='ltr'>argentei</span> <span class='ocrx_word' id='word_1_286' title='bbox 1573 1845 1750 1896; x_wconf 84' lang='lat' dir='ltr'>numeri</span> <span class='ocrx_word' id='word_1_287' title='bbox 1775 1846 1903 1896; x_wconf 81' lang='lat' dir='ltr'>nobis</span> <span class='ocrx_word' id='word_1_288' title='bbox 1929 1862 2015 1909; x_wconf 86' lang='lat' dir='ltr'>pro</span> <span class='ocrx_word' id='word_1_289' title='bbox 2033 1846 2265 1897; x_wconf 81' lang='lat' dir='ltr'>Ariadnaeo</span> 
     </span>
     <span class='ocr_line' id='line_1_26' title="bbox 47 1907 2264 1972; baseline 0 -12"><span class='ocrx_word' id='word_1_290' title='bbox 47 1907 128 1960; x_wconf 79' lang='lat' dir='ltr'>filo</span> <span class='ocrx_word' id='word_1_291' title='bbox 147 1925 288 1969; x_wconf 88' lang='lat' dir='ltr'>erant,</span> <span class='ocrx_word' id='word_1_292' title='bbox 322 1912 448 1957; x_wconf 89' lang='lat' dir='ltr'>certis</span> <span class='ocrx_word' id='word_1_293' title='bbox 466 1909 654 1972; x_wconf 75' lang='lat' dir='ltr'>pastibus</span> <span class='ocrx_word' id='word_1_294' title='bbox 675 1909 941 1958; x_wconf 81' lang='lat' dir='ltr'>inceffimus:</span> <span class='ocrx_word' id='word_1_295' title='bbox 976 1928 1092 1958; x_wconf 88' lang='lat' dir='ltr'>nunc</span> <span class='ocrx_word' id='word_1_296' title='bbox 1110 1926 1214 1959; x_wconf 90' lang='lat' dir='ltr'>vero</span> <span class='ocrx_word' id='word_1_297' title='bbox 1233 1913 1284 1960; x_wconf 88' lang='lat' dir='ltr'>de</span> <span class='ocrx_word' id='word_1_298' title='bbox 1304 1913 1549 1961; x_wconf 90' lang='lat' dir='ltr'>litterarum</span> <span class='ocrx_word' id='word_1_299' title='bbox 1569 1916 1863 1963; x_wconf 89' lang='lat' dir='ltr'>Gothicarum</span> <span class='ocrx_word' id='word_1_300' title='bbox 1889 1914 2033 1961; x_wconf 86' lang='lat' dir='ltr'>valore</span> <span class='ocrx_word' id='word_1_301' title='bbox 2060 1915 2264 1961; x_wconf 83' lang='lat' dir='ltr'>arithme-</span> 
     </span>
     <span class='ocr_line' id='line_1_27' title="bbox 20 1976 2263 2043; baseline 0.001 -18"><span class='ocrx_word' id='word_1_302' title='bbox 20 2004 26 2007; x_wconf 96' lang='lat'>·</span> <span class='ocrx_word' id='word_1_303' title='bbox 47 1980 160 2036; x_wconf 89' lang='lat' dir='ltr'>tico,</span> <span class='ocrx_word' id='word_1_304' title='bbox 196 1977 261 2035; x_wconf 79' lang='grc' dir='ltr'>ὅτ,</span> <span class='ocrx_word' id='word_1_305' title='bbox 296 1977 419 2038; x_wconf 88' lang='lat' dir='ltr'>quod</span> <span class='ocrx_word' id='word_1_306' title='bbox 438 1978 590 2023; x_wconf 89' lang='lat' dir='ltr'>exinde</span> <span class='ocrx_word' id='word_1_307' title='bbox 607 1976 821 2038; x_wconf 89' lang='lat' dir='ltr'>sequitur,</span> <span class='ocrx_word' id='word_1_308' title='bbox 858 1978 911 2024; x_wconf 90' lang='lat' dir='ltr'>de</span> <span class='ocrx_word' id='word_1_309' title='bbox 931 1978 1106 2025; x_wconf 87' lang='lat' dir='ltr'>illarum</span> <span class='ocrx_word' id='word_1_310' title='bbox 1129 1981 1283 2026; x_wconf 85' lang='lat' dir='ltr'>ordine</span> <span class='ocrx_word' id='word_1_311' title='bbox 1305 1983 1498 2040; x_wconf 86' lang='lat' dir='ltr'>genuino</span> <span class='ocrx_word' id='word_1_312' title='bbox 1528 1999 1618 2028; x_wconf 91' lang='lat' dir='ltr'>non</span> <span class='ocrx_word' id='word_1_313' title='bbox 1640 1981 1718 2028; x_wconf 85' lang='lat' dir='ltr'>nifi</span> <span class='ocrx_word' id='word_1_314' title='bbox 1743 1999 1825 2043; x_wconf 89' lang='lat' dir='ltr'>per</span> <span class='ocrx_word' id='word_1_315' title='bbox 1852 1978 2149 2033; x_wconf 61' lang='lat' dir='ltr'>coniefiiuram</span> <span class='ocrx_word' id='word_1_316' title='bbox 2173 1977 2263 2027; x_wconf 89' lang='lat' dir='ltr'>sen·</span> 
     </span>
     <span class='ocr_line' id='line_1_28' title="bbox 45 2041 2263 2109; baseline -0 -16"><span class='ocrx_word' id='word_1_317' title='bbox 45 2047 225 2093; x_wconf 85' lang='lat' dir='ltr'>tentiam</span> <span class='ocrx_word' id='word_1_318' title='bbox 247 2041 361 2089; x_wconf 83' lang='lat' dir='ltr'>ferre</span> <span class='ocrx_word' id='word_1_319' title='bbox 382 2042 631 2106; x_wconf 76' lang='lat' dir='ltr'>poss&#39;umUS.</span> <span class='ocrx_word' id='word_1_320' title='bbox 698 2042 785 2090; x_wconf 92' lang='lat' dir='ltr'>Sed</span> <span class='ocrx_word' id='word_1_321' title='bbox 806 2044 884 2091; x_wconf 90' lang='lat' dir='ltr'>ubi</span> <span class='ocrx_word' id='word_1_322' title='bbox 903 2058 1049 2092; x_wconf 88' lang='lat' dir='ltr'>tamen</span> <span class='ocrx_word' id='word_1_323' title='bbox 1068 2045 1114 2090; x_wconf 90' lang='lat' dir='ltr'>in</span> <span class='ocrx_word' id='word_1_324' title='bbox 1141 2045 1368 2093; x_wconf 84' lang='lat' dir='ltr'>confilium</span> <span class='ocrx_word' id='word_1_325' title='bbox 1397 2047 1728 2095; x_wconf 83' lang='lat' dir='ltr'>adhibuerimus</span> <span class='ocrx_word' id='word_1_326' title='bbox 1749 2048 1941 2109; x_wconf 78' lang='lat' dir='ltr'>linguaS,</span> <span class='ocrx_word' id='word_1_327' title='bbox 1978 2063 2074 2106; x_wconf 86' lang='lat' dir='ltr'>quae</span> <span class='ocrx_word' id='word_1_328' title='bbox 2092 2044 2263 2108; x_wconf 74' lang='lat' dir='ltr'>apposi-</span> 
     </span>
     <span class='ocr_line' id='line_1_29' title="bbox 45 2107 2262 2174; baseline -0.001 -14"><span class='ocrx_word' id='word_1_329' title='bbox 45 2127 144 2160; x_wconf 86' lang='lat' dir='ltr'>tum</span> <span class='ocrx_word' id='word_1_330' title='bbox 173 2109 348 2157; x_wconf 85' lang='lat' dir='ltr'>schema</span> <span class='ocrx_word' id='word_1_331' title='bbox 377 2107 578 2170; x_wconf 70' lang='lat' dir='ltr'>praefert,</span> <span class='ocrx_word' id='word_1_332' title='bbox 613 2107 859 2171; x_wconf 87' lang='lat' dir='ltr'>speramus,</span> <span class='ocrx_word' id='word_1_333' title='bbox 899 2108 1020 2168; x_wconf 88' lang='lat' dir='ltr'>fore,</span> <span class='ocrx_word' id='word_1_334' title='bbox 1057 2127 1105 2158; x_wconf 90' lang='lat' dir='ltr'>ut</span> <span class='ocrx_word' id='word_1_335' title='bbox 1131 2117 1328 2172; x_wconf 87' lang='lat' dir='ltr'>quinque</span> <span class='ocrx_word' id='word_1_336' title='bbox 1355 2114 1539 2174; x_wconf 86' lang='lat' dir='ltr'>reliquis</span> <span class='ocrx_word' id='word_1_337' title='bbox 1570 2115 1701 2161; x_wconf 87' lang='lat' dir='ltr'>etiam</span> <span class='ocrx_word' id='word_1_338' title='bbox 1729 2116 1829 2161; x_wconf 89' lang='lat' dir='ltr'>suus</span> <span class='ocrx_word' id='word_1_339' title='bbox 1855 2112 2098 2159; x_wconf 87' lang='lat' dir='ltr'>vindicetur</span> <span class='ocrx_word' id='word_1_340' title='bbox 2122 2113 2262 2164; x_wconf 82' lang='lat' dir='ltr'>locus.</span> 
     </span>
     <span class='ocr_line' id='line_1_30' title="bbox 44 2173 2263 2240; baseline -0 -15"><span class='ocrx_word' id='word_1_341' title='bbox 44 2176 147 2225; x_wconf 90' lang='lat' dir='ltr'>Post</span> <span class='ocrx_word' id='word_1_342' title='bbox 168 2180 215 2223; x_wconf 90' lang='lat' dir='ltr'>T</span> <span class='ocrx_word' id='word_1_343' title='bbox 232 2177 351 2223; x_wconf 89' lang='lat' dir='ltr'>enim</span> <span class='ocrx_word' id='word_1_344' title='bbox 369 2178 410 2220; x_wconf 97' lang='lat' dir='ltr'>V</span> <span class='ocrx_word' id='word_1_345' title='bbox 429 2173 549 2235; x_wconf 90' lang='lat' dir='ltr'>sequi</span> <span class='ocrx_word' id='word_1_346' title='bbox 568 2175 694 2223; x_wconf 89' lang='lat' dir='ltr'>debet</span> <span class='ocrx_word' id='word_1_347' title='bbox 712 2174 858 2239; x_wconf 88' lang='lat' dir='ltr'>(quod</span> <span class='ocrx_word' id='word_1_348' title='bbox 875 2178 1175 2240; x_wconf 72' lang='lat' dir='ltr'>Pythagoricae</span> <span class='ocrx_word' id='word_1_349' title='bbox 1199 2181 1332 2225; x_wconf 85' lang='lat' dir='ltr'>etiam</span> <span class='ocrx_word' id='word_1_350' title='bbox 1354 2180 1502 2227; x_wconf 82' lang='lat' dir='ltr'>litterae</span> <span class='ocrx_word' id='word_1_351' title='bbox 1523 2178 1679 2227; x_wconf 87' lang='lat' dir='ltr'>sonum</span> <span class='ocrx_word' id='word_1_352' title='bbox 1706 2178 1920 2235; x_wconf 87' lang='lat' dir='ltr'>habuisse,</span> <span class='ocrx_word' id='word_1_353' title='bbox 1950 2195 2057 2226; x_wconf 86' lang='lat' dir='ltr'>mox</span> <span class='ocrx_word' id='word_1_354' title='bbox 2086 2177 2263 2225; x_wconf 87' lang='lat' dir='ltr'>docebi-</span> 
     </span>
     <span class='ocr_line' id='line_1_31' title="bbox 45 2241 2260 2306; baseline 0 -14"><span class='ocrx_word' id='word_1_355' title='bbox 45 2245 166 2304; x_wconf 80' lang='lat' dir='ltr'>mus)</span> <span class='ocrx_word' id='word_1_356' title='bbox 199 2244 319 2290; x_wconf 89' lang='lat' dir='ltr'>hunc</span> <span class='ocrx_word' id='word_1_357' title='bbox 354 2259 515 2303; x_wconf 87' lang='lat' dir='ltr'>nempe</span> <span class='ocrx_word' id='word_1_358' title='bbox 552 2242 755 2288; x_wconf 89' lang='lat' dir='ltr'>ordinem</span> <span class='ocrx_word' id='word_1_359' title='bbox 790 2241 1017 2291; x_wconf 83' lang='lat' dir='ltr'>observant</span> <span class='ocrx_word' id='word_1_360' title='bbox 1049 2260 1138 2293; x_wconf 87' lang='lat' dir='ltr'>tam</span> <span class='ocrx_word' id='word_1_361' title='bbox 1172 2245 1315 2291; x_wconf 84' lang='lat' dir='ltr'>Graeci</span> <span class='ocrx_word' id='word_1_362' title='bbox 1352 2262 1484 2305; x_wconf 86' lang='lat' dir='ltr'>quam</span> <span class='ocrx_word' id='word_1_363' title='bbox 1521 2244 1652 2291; x_wconf 81' lang='lat' dir='ltr'>Ruffi.</span> <span class='ocrx_word' id='word_1_364' title='bbox 1709 2247 1906 2306; x_wconf 84' lang='lat' dir='ltr'>Excipiet</span> <span class='ocrx_word' id='word_1_365' title='bbox 1934 2245 2047 2290; x_wconf 82' lang='lat' dir='ltr'>hanc</span> <span class='ocrx_word' id='word_1_366' title='bbox 2072 2245 2260 2304; x_wconf 80' lang='lat' dir='ltr'>Faequi-</span> 
     </span>
     <span class='ocr_line' id='line_1_32' title="bbox 40 2307 2259 2372; baseline -0 -13"><span class='ocrx_word' id='word_1_367' title='bbox 40 2311 187 2359; x_wconf 84' lang='lat' dir='ltr'>valens</span> <span class='ocrx_word' id='word_1_368' title='bbox 205 2307 254 2358; x_wconf 66' lang='grc' dir='ltr'>τὲ·</span> <span class='ocrx_word' id='word_1_369' title='bbox 271 2317 297 2357; x_wconf 78' lang='grc' dir='ltr'><em>Φ</em></span> <span class='ocrx_word' id='word_1_370' title='bbox 315 2311 545 2369; x_wconf 90' lang='lat' dir='ltr'>utriusque</span> <span class='ocrx_word' id='word_1_371' title='bbox 564 2308 697 2356; x_wconf 90' lang='lat' dir='ltr'>huius</span> <span class='ocrx_word' id='word_1_372' title='bbox 717 2310 874 2370; x_wconf 72' lang='lat' dir='ltr'>gentis,</span> <span class='ocrx_word' id='word_1_373' title='bbox 943 2310 1156 2359; x_wconf 75' lang='lat' dir='ltr'>Proximo</span> <span class='ocrx_word' id='word_1_374' title='bbox 1185 2312 1283 2358; x_wconf 87' lang='lat' dir='ltr'>ioco</span> <span class='ocrx_word' id='word_1_375' title='bbox 1311 2309 1395 2358; x_wconf 89' lang='lat' dir='ltr'>sese</span> <span class='ocrx_word' id='word_1_376' title='bbox 1416 2311 1549 2359; x_wconf 85' lang='lat' dir='ltr'>offert</span> <span class='ocrx_word' id='word_1_377' title='bbox 1569 2311 1684 2369; x_wconf 92' lang='lat' dir='ltr'>CH,</span> <span class='ocrx_word' id='word_1_378' title='bbox 1716 2326 1766 2358; x_wconf 92' lang='lat' dir='ltr'>ut</span> <span class='ocrx_word' id='word_1_379' title='bbox 1796 2311 1915 2372; x_wconf 84' lang='lat' dir='ltr'>apud</span> <span class='ocrx_word' id='word_1_380' title='bbox 1934 2311 2110 2357; x_wconf 88' lang='lat' dir='ltr'>eosdem</span> <span class='ocrx_word' id='word_1_381' title='bbox 2128 2325 2173 2357; x_wconf 72' lang='grc' dir='ltr'>κ,</span> <span class='ocrx_word' id='word_1_382' title='bbox 2189 2326 2259 2358; x_wconf 85' lang='lat' dir='ltr'>va-</span> 
     </span>
     <span class='ocr_line' id='line_1_33' title="bbox 43 2375 2260 2437; baseline -0.001 -11"><span class='ocrx_word' id='word_1_383' title='bbox 43 2378 136 2426; x_wconf 84' lang='lat' dir='ltr'>lens</span> <span class='ocrx_word' id='word_1_384' title='bbox 155 2382 269 2425; x_wconf 76' lang='lat'>600.</span> <span class='ocrx_word' id='word_1_385' title='bbox 336 2375 511 2423; x_wconf 85' lang='lat' dir='ltr'>Restant</span> <span class='ocrx_word' id='word_1_386' title='bbox 533 2377 623 2422; x_wconf 89' lang='lat' dir='ltr'>iam</span> <span class='ocrx_word' id='word_1_387' title='bbox 643 2393 693 2422; x_wconf 88' lang='lat' dir='ltr'>ex</span> <span class='ocrx_word' id='word_1_388' title='bbox 714 2379 779 2423; x_wconf 83' lang='lat'>26</span> <span class='ocrx_word' id='word_1_389' title='bbox 799 2376 1058 2425; x_wconf 85' lang='lat' dir='ltr'>Gothorum</span> <span class='ocrx_word' id='word_1_390' title='bbox 1087 2376 1240 2423; x_wconf 89' lang='lat' dir='ltr'>litteris</span> <span class='ocrx_word' id='word_1_391' title='bbox 1271 2376 1383 2424; x_wconf 83' lang='lat' dir='ltr'>binae</span> <span class='ocrx_word' id='word_1_392' title='bbox 1414 2395 1606 2437; x_wconf 84' lang='lat' dir='ltr'>tantum,</span> <span class='ocrx_word' id='word_1_393' title='bbox 1640 2396 1689 2424; x_wconf 85' lang='lat' dir='ltr'>ex</span> <span class='ocrx_word' id='word_1_394' title='bbox 1717 2378 1878 2437; x_wconf 86' lang='lat' dir='ltr'>quibus</span> <span class='ocrx_word' id='word_1_395' title='bbox 1901 2377 1945 2427; x_wconf 88' lang='grc' dir='ltr'><em>Ο</em></span> <span class='ocrx_word' id='word_1_396' title='bbox 1964 2375 2162 2424; x_wconf 84' lang='lat' dir='ltr'>indicasse</span> <span class='ocrx_word' id='word_1_397' title='bbox 2179 2393 2260 2423; x_wconf 88' lang='lat' dir='ltr'>nu-</span> 
     </span>
     <span class='ocr_line' id='line_1_34' title="bbox 41 2441 2257 2507; baseline 0 -17"><span class='ocrx_word' id='word_1_398' title='bbox 41 2459 218 2492; x_wconf 86' lang='lat' dir='ltr'>merum</span> <span class='ocrx_word' id='word_1_399' title='bbox 248 2451 366 2499; x_wconf 77' lang='lat'>800,</span> <span class='ocrx_word' id='word_1_400' title='bbox 406 2459 646 2490; x_wconf 89' lang='lat' dir='ltr'>ceterarum</span> <span class='ocrx_word' id='word_1_401' title='bbox 674 2443 926 2503; x_wconf 85' lang='lat' dir='ltr'>linguarum</span> <span class='ocrx_word' id='word_1_402' title='bbox 955 2445 1143 2492; x_wconf 83' lang='lat' dir='ltr'>calculus</span> <span class='ocrx_word' id='word_1_403' title='bbox 1171 2445 1465 2506; x_wconf 81' lang='lat' dir='ltr'>comprobat:</span> <span class='ocrx_word' id='word_1_404' title='bbox 1508 2462 1737 2507; x_wconf 87' lang='lat' dir='ltr'>quumque</span> <span class='ocrx_word' id='word_1_405' title='bbox 1772 2444 1860 2490; x_wconf 86' lang='lat' dir='ltr'>hoc</span> <span class='ocrx_word' id='word_1_406' title='bbox 1887 2442 2030 2505; x_wconf 78' lang='lat' dir='ltr'>polito</span> <span class='ocrx_word' id='word_1_407' title='bbox 2060 2460 2150 2489; x_wconf 91' lang='lat' dir='ltr'>non</span> <span class='ocrx_word' id='word_1_408' title='bbox 2179 2441 2257 2490; x_wconf 82' lang='lat' dir='ltr'>nifi</span> 
     </span>
     <span class='ocr_line' id='line_1_35' title="bbox 40 2506 2256 2575; baseline -0.001 -18"><span class='ocrx_word' id='word_1_409' title='bbox 40 2512 224 2557; x_wconf 85' lang='lat' dir='ltr'>unicum</span> <span class='ocrx_word' id='word_1_410' title='bbox 250 2507 357 2573; x_wconf 76' lang='lat' dir='ltr'>QH</span> <span class='ocrx_word' id='word_1_411' title='bbox 371 2507 571 2571; x_wconf 87' lang='lat' dir='ltr'>superfit,</span> <span class='ocrx_word' id='word_1_412' title='bbox 602 2509 720 2555; x_wconf 82' lang='lat' dir='ltr'>illius</span> <span class='ocrx_word' id='word_1_413' title='bbox 737 2509 859 2556; x_wconf 89' lang='lat' dir='ltr'>locus</span> <span class='ocrx_word' id='word_1_414' title='bbox 885 2528 974 2558; x_wconf 91' lang='lat' dir='ltr'>non</span> <span class='ocrx_word' id='word_1_415' title='bbox 997 2508 1139 2575; x_wconf 84' lang='lat' dir='ltr'>potest</span> <span class='ocrx_word' id='word_1_416' title='bbox 1169 2509 1249 2556; x_wconf 78' lang='lat' dir='ltr'>eise</span> <span class='ocrx_word' id='word_1_417' title='bbox 1270 2511 1528 2573; x_wconf 76' lang='lat' dir='ltr'>ambiguuS,</span> <span class='ocrx_word' id='word_1_418' title='bbox 1560 2528 1715 2574; x_wconf 86' lang='lat' dir='ltr'>utpote</span> <span class='ocrx_word' id='word_1_419' title='bbox 1745 2511 2036 2571; x_wconf 84' lang='lat' dir='ltr'>penultimus,</span> <span class='ocrx_word' id='word_1_420' title='bbox 2069 2510 2154 2555; x_wconf 89' lang='lat' dir='ltr'>hoc</span> <span class='ocrx_word' id='word_1_421' title='bbox 2182 2506 2256 2566; x_wconf 91' lang='lat' dir='ltr'>est,</span> 
     </span>
     <span class='ocr_line' id='line_1_36' title="bbox 40 2571 2255 2641; baseline -0 -18"><span class='ocrx_word' id='word_1_422' title='bbox 40 2576 160 2623; x_wconf 88' lang='lat' dir='ltr'>idem</span> <span class='ocrx_word' id='word_1_423' title='bbox 187 2591 320 2634; x_wconf 88' lang='lat' dir='ltr'>quem</span> <span class='ocrx_word' id='word_1_424' title='bbox 352 2571 549 2622; x_wconf 50' lang='lat' dir='ltr'>tueturxls</span> <span class='ocrx_word' id='word_1_425' title='bbox 567 2576 846 2626; x_wconf 75' lang='lat' dir='ltr'>Graecorum.</span> <span class='ocrx_word' id='word_1_426' title='bbox 879 2576 924 2641; x_wconf 73' lang='lat'>&#39;‘)</span> <span class='ocrx_word' id='word_1_427' title='bbox 993 2578 1198 2640; x_wconf 86' lang='lat' dir='ltr'>Sequitur</span> <span class='ocrx_word' id='word_1_428' title='bbox 1223 2579 1436 2638; x_wconf 88' lang='lat' dir='ltr'>proinde,</span> <span class='ocrx_word' id='word_1_429' title='bbox 1470 2579 1590 2626; x_wconf 79' lang='lat' dir='ltr'>hunc</span> <span class='ocrx_word' id='word_1_430' title='bbox 1622 2577 1701 2626; x_wconf 81' lang='lat' dir='ltr'>effe</span> <span class='ocrx_word' id='word_1_431' title='bbox 1730 2578 1988 2626; x_wconf 84' lang='lat' dir='ltr'>ultimarum</span> <span class='ocrx_word' id='word_1_432' title='bbox 2013 2574 2255 2626; x_wconf 83' lang='lat' dir='ltr'>litterarum</span> 
     </span>
     <span class='ocr_line' id='line_1_37' title="bbox 4 2641 890 2692; baseline -0.001 0"><span class='ocrx_word' id='word_1_433' title='bbox 4 2663 6 2665; x_wconf 64' lang='grc'><strong><em>’</em></strong></span> <span class='ocrx_word' id='word_1_434' title='bbox 39 2642 244 2692; x_wconf 87' lang='lat' dir='ltr'>ordinem</span> <span class='ocrx_word' id='word_1_435' title='bbox 268 2641 312 2690; x_wconf 73' lang='grc' dir='ltr'>ὅ(</span> <span class='ocrx_word' id='word_1_436' title='bbox 329 2642 522 2691; x_wconf 78' lang='lat' dir='ltr'>valorem</span> <span class='ocrx_word' id='word_1_437' title='bbox 541 2643 890 2691; x_wconf 74' lang='lat' dir='ltr'>arithmeticum:</span> 
     </span>
     <span class='ocr_line' id='line_1_38' title="bbox 642 2712 1227 2771; baseline 0.003 -18"><span class='ocrx_word' id='word_1_438' title='bbox 642 2712 685 2753; x_wconf 96' lang='lat' dir='ltr'>V</span> <span class='ocrx_word' id='word_1_439' title='bbox 891 2729 910 2750; x_wconf 82' lang='grc' dir='ltr'><strong><em>υ</em></strong></span> <span class='ocrx_word' id='word_1_440' title='bbox 1111 2722 1227 2771; x_wconf 87' lang='lat'>400.</span> 
     </span>
    </p>
   </div>
   <div class='ocr_carea' id='block_1_5' title="bbox 639 2777 2253 2891">
    <p class='ocr_par' dir='ltr' id='par_1_5' title="bbox 639 2777 2253 2891">
     <span class='ocr_line' id='line_1_39' title="bbox 639 2777 1219 2836; baseline 0 -14"><span class='ocrx_word' id='word_1_441' title='bbox 639 2777 680 2822; x_wconf 82' lang='lat' dir='ltr'>F</span> <span class='ocrx_word' id='word_1_442' title='bbox 884 2786 913 2827; x_wconf 81' lang='grc' dir='ltr'><strong><em>φ</em></strong></span> <span class='ocrx_word' id='word_1_443' title='bbox 1110 2789 1219 2836; x_wconf 85' lang='lat'>500.</span> 
     </span>
     <span class='ocr_line' id='line_1_40' title="bbox 2181 2841 2253 2891; baseline 0.014 -1"><span class='ocrx_word' id='word_1_444' title='bbox 2181 2841 2253 2891; x_wconf 87' lang='lat' dir='ltr'>Ch</span> 
     </span>
    </p>
   </div>
   <div class='ocr_carea' id='block_1_6' title="bbox 6 2936 2250 3045">
    <p class='ocr_par' dir='ltr' id='par_1_6' title="bbox 6 2936 2250 3045">
     <span class='ocr_line' id='line_1_41' title="bbox 6 2936 2250 2994; baseline 0.001 -15"><span class='ocrx_word' id='word_1_445' title='bbox 6 2945 16 2957; x_wconf 73' lang='lat'>²</span> <span class='ocrx_word' id='word_1_446' title='bbox 90 2941 135 2994; x_wconf 74' lang='lat'>²¹²)</span> <span class='ocrx_word' id='word_1_447' title='bbox 163 2938 370 2988; x_wconf 79' lang='lat' dir='ltr'>Litteram,</span> <span class='ocrx_word' id='word_1_448' title='bbox 399 2951 483 2991; x_wconf 83' lang='lat' dir='ltr'>quae</span> <span class='ocrx_word' id='word_1_449' title='bbox 499 2936 536 2985; x_wconf 78' lang='grc' dir='ltr'>ψ</span> <span class='ocrx_word' id='word_1_450' title='bbox 557 2937 832 2990; x_wconf 81' lang='lat' dir='ltr'>aequipolleret,</span> <span class='ocrx_word' id='word_1_451' title='bbox 860 2954 940 2980; x_wconf 89' lang='lat' dir='ltr'>non</span> <span class='ocrx_word' id='word_1_452' title='bbox 960 2939 1129 2984; x_wconf 72' lang='lat' dir='ltr'>habuisse</span> <span class='ocrx_word' id='word_1_453' title='bbox 1148 2941 1316 2991; x_wconf 82' lang='lat' dir='ltr'>Gothos,</span> <span class='ocrx_word' id='word_1_454' title='bbox 1340 2941 1461 2993; x_wconf 88' lang='lat' dir='ltr'>liquet</span> <span class='ocrx_word' id='word_1_455' title='bbox 1477 2954 1525 2982; x_wconf 81' lang='lat' dir='ltr'>ex</span> <span class='ocrx_word' id='word_1_456' title='bbox 1542 2941 1626 2983; x_wconf 86' lang='lat' dir='ltr'>Luc.</span> <span class='ocrx_word' id='word_1_457' title='bbox 1653 2953 1715 2993; x_wconf 87' lang='lat'>20,</span> <span class='ocrx_word' id='word_1_458' title='bbox 1732 2954 1797 2992; x_wconf 86' lang='lat'>40.</span> <span class='ocrx_word' id='word_1_459' title='bbox 1827 2939 1896 2982; x_wconf 85' lang='lat' dir='ltr'>ubi</span> <span class='ocrx_word' id='word_1_460' title='bbox 1913 2954 1987 2983; x_wconf 84' lang='lat' dir='ltr'>vox</span> <span class='ocrx_word' id='word_1_461' title='bbox 2000 2938 2139 2993; x_wconf 83' lang='lat' dir='ltr'>Psalmo</span> <span class='ocrx_word' id='word_1_462' title='bbox 2156 2939 2250 2983; x_wconf 78' lang='lat' dir='ltr'>&lt;iivi-</span> 
     </span>
     <span class='ocr_line' id='line_1_42' title="bbox 146 2990 905 3045; baseline 0.004 -12"><span class='ocrx_word' id='word_1_463' title='bbox 146 2992 218 3034; x_wconf 84' lang='lat' dir='ltr'>sun</span> <span class='ocrx_word' id='word_1_464' title='bbox 233 2994 364 3036; x_wconf 82' lang='lat' dir='ltr'>litteris</span> <span class='ocrx_word' id='word_1_465' title='bbox 386 2992 421 3033; x_wconf 85' lang='lat' dir='ltr'><strong><em>P</em></strong></span> <span class='ocrx_word' id='word_1_466' title='bbox 438 2995 474 3033; x_wconf 75' lang='grc' dir='ltr'>ὅ(</span> <span class='ocrx_word' id='word_1_467' title='bbox 492 2991 520 3032; x_wconf 90' lang='lat' dir='ltr'><em>S</em></span> <span class='ocrx_word' id='word_1_468' title='bbox 536 2990 669 3045; x_wconf 85' lang='lat' dir='ltr'>scripta</span> <span class='ocrx_word' id='word_1_469' title='bbox 692 2993 905 3038; x_wconf 71' lang='lat' dir='ltr'>invenitur.</span> 
     </span>
    </p>
   </div>
   <div class='ocr_carea' id='block_1_7' title="bbox 47 2899 2257 2923">
    <p class='ocr_par' dir='ltr' id='par_1_7' title="bbox 47 2899 2257 2923">
     <span class='ocr_line' id='line_1_43' title="bbox 47 2899 2257 2923; baseline 0 457"><span class='ocrx_word' id='word_1_470' title='bbox 47 2899 2257 2923; x_wconf 95' lang='lat' dir='ltr'> </span> 
     </span>
    </p>
   </div>
  </div>
 </body>
</html>
