2473 3380
153 156 258 207 ¹278
666 144 798 197 SPE
804 144 1038 196 CIMEN
1072 142 1446 194 GLOSSARII
1483 145 1881 200 ULPHILANI.

230 256 389 306 refflus
408 256 558 317 linna,
593 259 715 320 quod
735 274 900 324 agrum
919 254 1172 319 ceffizntem,
1207 255 1458 319 requietum
1478 255 1673 317 denotat,
1707 262 1773 306 vel
1791 261 1919 306 talem
1932 297 1943 317 ‚
1979 261 2055 321 qui
2075 276 2252 307 vomere
2272 277 2384 308 exer-

233 327 322 371 ceri
348 324 490 383 defiit,
523 326 628 372 alibi
657 326 904 372 docebitur.

162 389 419 458 Asmaz'tan,
453 390 616 450 secare,
650 390 909 438 abscindere.
940 388 1058 437 Suet.
1078 391 1168 436 md.
1192 389 1331 435 Graec.
1353 398 1473 448 ω’μίίν,
1508 389 1622 436 unde
1650 393 1810 450 ἄμητος,
1835 390 1988 450 meffis,
2006 391 2080 441 lat.
2101 404 2228 441 meto,
2258 409 2299 442 v,
2321 395 2382 440 in.

233 456 302 506 fra
320 461 366 506 in
387 463 580 508 maitan.
806 496 809 499 >

163 523 481 591 Asmairzjcm,
525 520 827 581 scandalisare5
868 519 1114 576 offendere,
1159 519 1293 568 recisa
1321 522 1629 585 praepositione
1665 519 1739 584 af,
1783 520 1909 568 restat
1938 520 2117 583 simplex
2144 527 2386 591 mairzjan,

231 594 352 652 quod
370 593 483 640 vide.
520 591 818 656 afmait-zeins
836 589 1045 656 gabeins,
1084 591 1240 638 Marc·
1262 604 1307 650 4,
1337 606 1411 649 19.
1449 605 1570 636 notat
1591 589 1895 650 deceptionem
1917 589 2186 640 divitiarum.

160 656 400 724 Afm'man,
434 655 631 715 auferre,
662 656 916 721 asnamanr.
939 656 1119 717 simplex
1137 662 1308 705 niwmn.
1329 678 1341 703 ι

160 724 444 792 quhapjan,
477 727 545 772 vei
567 741 614 772 ut
633 728 678 771 in
702 724 850 771 codice
871 739 1075 784 argenteo
1096 722 1335 770 constanter
1351 723 1628 769 emendatum
1654 721 1821 782 legitur,
1842 715 2107 785 afqlzaujan.
2140 739 2182 770 v,
2203 723 2382 785 Ulphil‚

223 791 427 840 illustrat.
456 794 511 839 ad
540 793 694 841 [Uare.
719 806 767 850 4,
806 805 873 847 19.
909 787 1180 836 manifestam
1207 787 1457 837 affinitatem
1488 787 1622 835 servat
1652 804 1752 834 cum
1787 786 1971 833 nostrate
2002 782 2216 852 qivafwa,
2251 789 2382 837 suffo.

222 876 341 916 care,
365 857 665 925 fbrqw'afwa,
701 859 839 914 idem,
874 854 1071 922 qw‘tlfiza,
1106 855 1324 905 suffocari.
1358 857 1423 903 lex
1445 856 1585 905 Goth.
1617 856 1649 904 1.
1680 872 1718 903 c.
1750 856 1906 899 XVIII.
1939 857 1960 912 §
2001 870 2043 914 ς.
2078 853 2382 918 cufizarharn

225 930 243 975 i
262 925 475 993 thrangi,
511 929 543 975 i.
566 943 601 977 e.
623 922 764 971 infans
782 927 827 970 in
851 922 1046 984 angustia
1064 919 1317 970 suffocetur.

159 991 436 1060 quuitlzan,
469 994 748 1048 renunciare,
784 992 975 1037 occurrit
1007 989 1110 1039 Luc.
1140 1005 1212 1051 14,
1249 1005 1323 1053 33.
1370 985 1535 1036 Confer
1555 984 1693 1052 Junii
1719 986 1762 1033 ὅ(
1793 982 2128 1045 StI‘ernhfelmii
2152 986 2380 1042 Glossaria,

173 1081 177 1083 ’
227 1062 421 1123 Simplex
439 1056 629 1124 quitlzan
655 1072 852 1105 occurret
872 1055 950 1102 suo
970 1057 1085 1103 loco.

163 1125 402 1191 Assatjan,
435 1128 675 1181 dimittere,
709 1119 895 1185 afsatta.
928 1140 966 1172 v.
992 1124 1034 1167 in
1049 1121 1225 1185 satjau.

160 1191 440 1260 Afskaidan‚
467 1190 678 1253 separare,
698 1188 906 1254 afskeda.
966 1191 1032 1233 De
1054 1187 1277 1248 origine&
1297 1188 1556 1248 cognatione
1574 1187 1692 1233 vocis
1712 1183 1924 1253 cfr.Jun.
1946 1186 1987 1233 ὅ(
2001 1185 2198 1236 Stiernh.
2213 1202 2383 1235 utrum·

226 1278 310 1320 que
331 1262 376 1306 in
397 1257 624 1307 Gloffariis
643 1254 720 1303 sub
740 1273 844 1303 voce
865 1251 1269 1318 radicaliskaedan.

157 1324 413 1392 Afslahan,
446 1327 537 1373 duo
561 1321 788 1386 fignificat,
824 1333 1086 1387 amputare,
1115 1338 1161 1367 ut
1181 1337 1282 1366 cum
1304 1319 1356 1365 de
1378 1323 1501 1366 Petro
1523 1317 1661 1365 sermo
1686 1317 1744 1364 est
1764 1334 2015 1381 amputante
2036 1320 2274 1366 auricuiam
2296 1316 2380 1366 ser·

231 1397 292 1451 vi,
313 1395 466 1445 Marc.
497 1408 569 1453 14,
591 1406 671 1451 47.
709 1389 865 1437 deinde
883 1389 1092 1439 occidere.
1150 1383 1426 1433 Manifestum
1449 1388 1693 1446 linguarum
1708 1387 1995 1432 Gothicarum
2018 1404 2119 1431 cum
2138 1386 2382 1446 Ulphilana

230 1462 512 1509 harmoniam
533 1475 664 1505 nemo
687 1475 775 1505 non
795 1456 935 1502 videt:
972 1473 1051 1502 nos
1067 1493 1076 1511 ,
1105 1471 1153 1500 ut
1174 1453 1243 1500 ilia
1267 1452 1385 1498 missi
1410 1450 1639 1508 faciamus,
1676 1470 1771 1512 quoe
1800 1456 1842 1498 in
1863 1451 2151 1515 voceslahan
2173 1450 2378 1499 adferunt

226 1530 366 1576 modo
385 1527 548 1577 laudati
566 1527 671 1582 viri3
705 1539 907 1571 notamus
931 1538 1125 1577 tantum,
1160 1521 1263 1566 hinc
1291 1519 1509 1566 refidunm
1539 1517 1618 1565 esse
1648 1537 1737 1564 non
1767 1517 1911 1565 solum
1929 1519 2024 1582 slzi
2052 1524 2096 1564 in
2125 1523 2176 1566 L.
2203 1520 2380 1566 Suecica

233 1593 389 1652 ferire3
423 1592 495 1640 sed
523 1593 654 1638 etiam
667 1589 865 1658 slagta,
899 1589 1116 1645 occidere,
1151 1585 1362 1644 matiam,
1398 1584 1765 1645 frequentativum
1794 1585 1974 1631 obsoleti
1998 1584 2157 1652 [laga.
2232 1586 2281 1634 G
2302 1603 2382 1631 au-

231 1680 322 1710 tem
343 1663 385 1709 &
409 1656 438 1708 Ῐι
461 1663 504 1706 in
524 1660 672 1720 lingua
698 1656 1016 1717 Mcesogothica
1036 1653 1257 1717 saepissime
1281 1654 1510 1713 alternare,
1540 1653 1580 1699 ἃ
1601 1668 1722 1698 antea
1739 1649 2100 1709 submonuimus,
2136 1653 2179 1700 &
2198 1652 2380 1698 ulterius

239 1746 418 1789 quoque
437 1726 674 1788 probatum
699 1726 903 1771 dabimus
925 1725 970 1768 in
991 1739 1098 1768 voce
1115 1719 1388 1787 gafahrida.
2328 1728 2329 1732 ’

170 1792 611 1860 Afslauthnodedun‚
645 1793 791 1838 mirati
810 1788 929 1846 sunt,
962 1787 1303 1848 obstupuerunt.
1374 1786 1619 1846 Negotium
1640 1784 1726 1831 hoc
1752 1784 2014 1832 vocabulum
2043 1781 2250 1836 faceffivit
2277 1783 2383 1830 cele-

236 1862 432 1910 berrimo
449 1857 620 1925 Junio,
653 1859 730 1918 qui
747 1856 854 1903 illud
873 1856 961 1901 iam
981 1854 1033 1900 ad
1056 1849 1638 1914 Mcesogothicumflawan‚
1673 1867 1835 1908 tacere,
1869 1848 2022 1896 refert:
2057 1853 2144 1898 iam
2164 1852 2217 1897 ad
2236 1851 2381 1911 Angio

237 1923 705 1988 Saxonicumslavan,
739 1923 890 1976 otiari3
926 1921 1058 1967 ambo
1078 1921 1169 1966 haec
1190 1935 1236 1965 ut
1263 1918 1454 1964 nimium
1474 1919 1601 1978 longe
1622 1919 1756 1978 petita
1775 1918 1888 1963 mihi
1911 1918 2133 1974 videntur,
2164 1920 2221 1963 ita
2252 1915 2384 1963 lefflo-

235 1997 296 2043 ris
317 1996 405 2040 mei
426 1993 591 2038 iudicio
609 1989 844 2043 submitto,
879 2005 1023 2033 annon
1043 1986 1324 2033 commodius
1345 1982 1555 2030 referatur
1578 1985 1629 2030 ad
1642 1982 1846 2046 slohun,
1881 2000 2105 2044 percutere
2120 2021 2132 2044 ‚
2170 1983 2296 2029 simili
2314 1999 2380 2030 ra-

237 2063 378 2117 tione,
413 2076 461 2105 ac
481 2060 526 2104 in
548 2058 709 2118 linguis
727 2057 879 2111 latina,
912 2055 1076 2112 Graeca,
1097 2054 1137 2100 &
1155 2053 1397 2111 antiquiori
1417 2053 1520 2097 Suio
1534 2051 1736 2107 Gothica‚
1747 2054 1909 2117 stupor
1932 2050 2138 2109 quilibet,
2170 2065 2381 2109 tanquam

239 2128 377 2176 animi
396 2124 597 2187 quaedam
617 2125 793 2185 gravior
813 2122 1082 2179 commotio,
1116 2120 1170 2166 ab
1200 2117 1291 2164 issu
1316 2115 1406 2163 fere
1434 2134 1595 2164 nomen
1622 2117 1818 2164 sortitur:
1855 2117 1908 2163 fic
1927 2118 2068 2162 Graeci
2099 2120 2285 2166 ἐκπλέει-σω
2313 2115 2378 2161 di-

238 2209 344 2242 cunt
361 2188 624 2253 stupefacio,
656 2199 819 2246 ’ἔκπληξις
838 2186 1003 2248 stupor,
1026 2205 1050 2232 a
1074 2190 1224 2237 πλέκω
1249 2187 1474 2247 percuti03
1508 2185 1746 2230 latinorum
1764 2185 1953 2250 percelli)
1975 2200 2064 2229 non
2083 2197 2252 2228 tantum
2270 2197 2376 2245 per-

233 2272 407 2315 cutere,
438 2273 594 2305 verum
616 2258 746 2303 etiam
767 2251 1094 2319 obstupefacere
1114 2267 1234 2297 notat
1248 2286 1259 2304 ‚
1293 2269 1339 2298 ut
1360 2251 1566 2297 omnibus
1583 2248 1756 2299 constat.
1814 2251 1954 2297 Biblia
1974 2248 2179 2294 Islandica
2200 2248 2306 2297 Luc.
2330 2263 2379 2309 4,

239 2335 317 2393 36.
353 2325 538 2373 notabili
556 2322 850 2383 parallelismo
870 2321 922 2366 ad
940 2319 1212 2366 reddendum
1233 2318 1430 2378 Ulphilae
1449 2315 1744 2380 afflautlman
1767 2335 1869 2363 voce
1884 2314 1976 2379 slci
1994 2329 2200 2361 utuntur:
2236 2331 2293 2380 og
2311 2327 2381 2363 ot-

240 2408 291 2444 ta
312 2391 348 2452 s
345 2394 386 2441 lo
406 2388 509 2458 yfl’r
528 2386 608 2440 tha
627 2389 747 2444 alla,
782 2389 812 2437 i.
834 2405 870 2438 e,
892 2389 1027 2433 timor
1045 2402 1198 2432 omnes
1228 2384 1428 2446 perculit.
1459 2381 1540 2433 cfr.
1564 2382 1714 2431 Hrolf.
1734 2383 1893 2430 Krakes
1922 2380 2102 2428 historia
2131 2397 2175 2441 p.
2198 2390 2275 2443 78.
2295 2379 2382 2445 slo

240 2459 323 2510 tlm
353 2460 538 2508 mittum
560 2469 653 2504 otta
682 2452 789 2520 yser
817 2453 1156 2509 hirdmennina,
1191 2453 1217 2496 i.
1237 2469 1275 2500 e.
1300 2451 1462 2497 multus
1489 2466 1592 2496 tunc
1619 2452 1755 2496 timor
1783 2447 1944 2496 inceffit
1970 2448 2150 2495 aulicos.
2220 2451 2384 2495 Ortum

241 2530 346 2575 hine
366 2526 485 2573 ducit
504 2521 768 2588 otttsc'eigin
782 2559 793 2579 ‚
828 2519 1010 2568 timidus
1024 2557 1033 2573 ,
1068 2518 1188 2579 quod
1210 2520 1253 2563 in
1280 2515 1448 2578 scriptis
1470 2516 1688 2563 Islandieis
1707 2514 1928 2578 saepissime
1950 2516 2140 2561 occurrit
2170 2515 2224 2561 ad
2253 2515 2384 2561 deno-

238 2594 421 2641 tandum
450 2593 623 2658 ingenti
645 2602 820 2637 terrore
845 2583 1115 2653 perculsicm.
1148 2602 1190 2634 v.
1221 2584 1396 2637 Verelc'i
1428 2583 1557 2630 Index
1586 2585 1631 2629 in
1659 2600 1783 2632 voce.
1819 2577 2163 2647 Harngslagm,
2195 2583 2259 2628 ira
2287 2597 2384 2643 per-

243 2663 366 2708 citus,
432 2662 647 2718 Konunga
667 2658 781 2719 Styr.
806 2672 853 2716 p.
877 2668 955 2714 75.

175 2725 448 2794 Afflandan,
482 2724 699 2778 recedere,
733 2738 758 2768 a
777 2720 963 2781 simplici
966 2716 1191 2785 standan,
1218 2716 1435 2780 Svet.sta⁹r,
1458 2714 1641 2777 sitienda,
1671 2715 1792 2776 quod
1814 2714 2018 2777 suoloco
2039 2728 2253 2765 occurret,

175 2794 430 2858 Afsteigan,
464 2788 737 2846 descendere,
770 2785 963 2854 affligat,
997 2787 1187 2833 radicem
1204 2784 1334 2830 habet
1333 2784 1513 2848 steigan
1532 2779 1643 2828 infra
1660 2783 1977 2843 explicandam.
2191 2798 2203 2805 ’

179 2854 410 2926 Afflaffais
436 2859 602 2913 Bokos,
645 2854 816 2901 libeilus
847 2854 1039 2915 repudii.
1112 2855 1209 2898 Vox
1234 2848 1293 2896 est
1318 2850 1721 2905 Graeco-Gothica3
1765 2857 1963 2899 iverim,
1991 2851 2106 2893 enim
2142 2844 2382 2907 repudium

244 2927 395 2975 Graece
414 2925 524 2982 dici,
556 2937 914 2979 noruntomnes,
949 2919 1002 2968 ab
1021 2924 1196 2979 ,ἰφίε-ημι,
1223 2915 1332 2964 abeo
1342 2952 1355 2974 ‚
1388 2915 1569 2974 recede,
1603 2913 1773 2973 desero,
1803 2920 1914 2968 Svet.
1934 2912 2068 2981 affici.
2117 2914 2267 2961 Miror
2294 2912 2382 2958 hoc
2422 2948 2430 2951 -

2305 2995 2385 3024 nec
