2473 3380
913 132 1530 190 PRAEFATIO.
2292 152 2327 202 7

114 247 187 300 sed
208 251 265 298 ita
286 264 454 305 tamen,
484 243 846 307 ut'reliquarum,
880 247 1060 296 historia
1079 248 1201 307 teste,
1236 249 1435 313 Scythica
1454 248 1525 296 seu
1547 247 1735 296 Gothica
1764 263 1865 296 natu
1893 264 2081 298 maxima
2101 248 2165 299 sit.
2235 252 2319 297 Co-

115 321 206 378 gita
227 320 344 362 enim
360 355 370 374 ‚
407 316 598 376 Ulphilae
620 332 711 360 aevo
725 351 736 371 ,
768 315 852 361 hoc
881 314 939 360 est
962 331 1057 362 ante
1075 317 1406 376 quatuordecim
1427 315 1561 362 secula
1576 353 1586 372 ‚
1623 316 1835 361 novitiam
1857 333 1980 376 paene
2000 333 2171 378 gentem
2190 314 2318 363 fuisse

117 385 386 438 Romanam,
423 398 576 440 utpote
607 381 727 427 mille
754 398 889 427 annos
916 384 983 426 vix
1013 380 1252 436 emensam,
1287 383 1329 428 ὅ(
1351 384 1473 428 cuius
1501 400 1555 429 ne
1579 381 1778 428 auditum
1806 382 1986 441 quidem
2022 400 2183 429 nomen
2215 396 2318 440 erat,

114 466 253 509 quum
272 450 361 511 jam
395 446 740 509 potentiffirnum
772 463 860 493 erat
886 465 1046 493 nomen
1068 449 1337 510 Scythicum.
1407 451 1586 510 Cogita,
1620 451 1863 494 Romanam
1890 447 1942 493 ab
1964 450 2046 494 illis
2069 446 2317 509 profefihm

111 515 390 575 regionibus,
426 514 502 559 ubi
535 515 682 573 lingua
702 515 892 559 Gothica
933 516 1098 574 patrius
1129 512 1273 559 sermo
1302 530 1407 563 erat.
1509 519 1739 562 Memento
1769 512 1916 571 simul,
1952 515 2160 571 Hellada,
2201 531 2312 562 ante·

114 596 246 640 quam
269 582 446 626 Graecos
477 576 657 626 colonos
685 581 919 640 acciperet,
954 597 977 624 a
1006 579 1202 625 Barbaris
1230 583 1260 626 i.
1289 598 1328 627 e.
1357 581 1527 642 Scythis
1559 579 1748 626 insess'am
1778 577 1928 637 fuisse,
1964 578 2156 642 ipsismet
2182 579 2227 627 id
2254 578 2315 627 fa·

111 646 305 692 tentibus
326 647 512 700 Graecis,
547 646 588 691 &
610 646 831 691 Platonem
861 654 1094 704 eapropter
1120 647 1165 689 in
1194 646 1371 706 Cratylo
1391 648 1431 691 ὅ(
1450 647 1553 691 alibi
1583 645 1736 693 diserte
1764 645 1988 707 profiteri,
2022 664 2151 706 quam
2178 647 2314 707 plur-i-

109 727 287 758 marum
316 729 473 758 vocum
501 714 848 758 Graecanicarum
886 707 1053 756 fontem
1085 711 1205 769 apud
1234 712 1441 756 Barbaros
1461 712 1601 759 ‚hosce
1633 712 1916 770 quaerendum
1948 711 2045 761 esse.
2113 714 2196 760 Sed
2223 714 2313 758 haec

80 827 83 833 ¹
110 777 363 838 operosiora
383 777 499 834 sunt,
535 796 666 837 quam
689 794 736 823 tit
756 779 865 820 intra
883 776 990 820 adeo
1006 776 1133 820 breve
1155 774 1340 835 spatium
1368 779 1553 822 coerceri
1579 776 1758 837 possint‚
1793 779 1834 823 ἃ
1857 777 2012 824 nostris
2043 779 2218 826 auribus
2241 779 2318 825 ad«

107 842 195 889 huc
219 847 407 890 nimium
428 847 679 905 peregrina,
715 858 844 900 quam
867 857 915 886 ut
933 839 1062 886 fidem
1080 878 1091 897 ‚
1118 841 1225 888 adeo
1247 841 1391 887 obiter
1409 842 1499 887 haec
1525 844 1745 888 monendo
1761 874 1773 897 ,
1807 841 1947 889 facere
1974 843 2149 904 poffim.
2213 848 2310 904 Ego

107 909 270 956 interea
304 911 365 956 nil
404 913 576 970 gravius
607 909 739 954 ullam
780 904 989 959 {ablutam
1029 907 1183 960 doleo,
1220 925 1354 966 quam
1393 910 1512 967 quod
1548 911 1738 954 carmina
1768 909 1940 962 Ovidii,
1975 909 2310 970 Moesogothica

107 974 257 1034 lingua
296 975 558 1036 conscripta,
591 991 640 1020 ut
670 970 759 1033 ipse
787 972 980 1020 testatur.
1014 988 1267 1033 temporum
1304 975 1465 1022 ‚iniuria
1505 974 1631 1021 nobis
1661 974 1876 1020 inviderit.
1970 976 2052 1020 Sed
2079 976 2123 1020 id
2151 991 2307 1033 tamen,

108 1057 162 1086 eo
193 1041 408 1102 locuplete
436 1040 558 1094 teste,
596 1041 823 1094 novimus,
859 1038 980 1097 quod
1007 1041 1117 1084 inter
1138 1039 1376 1086 Gothicam
1414 1041 1608 1100 linguam
1634 1041 1942 1099 Graecamque,
1974 1041 2088 1087 unde
2116 1038 2190 1086 sua
2219 1058 2306 1087 ma-

106 1109 268 1151 ximam
310 1122 479 1166 partem
516 1103 712 1152 desumta
748 1120 859 1161 erat,
893 1104 1002 1151 adeo
1033 1104 1209 1166 insignis
1250 1104 1433 1153 affinitas
1470 1104 1629 1169 fuerit,
1660 1122 1707 1154 ut
1733 1107 1856 1154 illam
1895 1121 2063 1156 tantum
2096 1124 2186 1155 non
2219 1123 2305 1170 pro

102 1171 380 1220 Hellenistica
399 1172 627 1219 habuerit:
1469 1189 1472 1191 ’

636 1239 893 1305 Graecaque
934 1254 1033 1288 cum
1074 1239 1231 1288 Getico
1275 1243 1427 1290 mixta
1456 1242 1628 1305 loquela
1649 1241 1779 1306 fimo.

305 1309 368 1353 Ut
386 1323 490 1353 vero
518 1307 628 1353 inter
656 1310 909 1359 innumera,
946 1322 1043 1361 quae
1073 1307 1159 1349 dici
1179 1306 1372 1364 possent,
1406 1309 1551 1366 aliqua
1582 1307 1828 1368 speciminis
1855 1307 1955 1355 loco
1984 1304 2191 1363 afferam,
2226 1305 2302 1354 ob·

97 1366 266 1417 servare
289 1372 431 1432 juvat,
467 1387 557 1428 quo
587 1373 759 1429 longius
789 1370 840 1414 ad
875 1370 994 1412 initia
1025 1370 1208 1414 conditae
1237 1369 1357 1415 urbis
1389 1372 1636 1431 regredior,
1673 1391 1725 1418 eo
1756 1376 1971 1420 maiorem
1999 1391 2070 1419 me
2103 1374 2300 1419 <invenire

96 1436 378 1487 harmoniam
398 1451 499 1480 cum
521 1434 730 1479 idiomate
741 1434 1002 1493 Ulphilano.
1073 1437 1277 1494 Longum
1298 1451 1401 1482 vero
1421 1434 1547 1493 foret,
1566 1439 1661 1483 heic
1686 1439 1929 1498 catalogum
1950 1456 2107 1485 vocum
2123 1441 2279 1485 Latino
2297 1465 2303 1475 ·

97 1500 390 1546 Gothicarum
411 1515 651 1560 pertexere3
686 1516 734 1546 ut
755 1502 915 1545 interea
944 1499 997 1544 de
1017 1503 1148 1559 genio
1172 1502 1398 1560 utriusque
1423 1502 1583 1563 linguae
1612 1505 1769 1550 certius
1796 1503 1979 1560 constet,
2011 1502 2189 1550 afferam
2210 1520 2298 1550 tan-

70 1580 193 1612 atum
229 1566 273 1612 ὅ(
300 1566 526 1627 explicabo
561 1566 792 1613 nonnullas
824 1582 982 1613 vocum
1025 1568 1349 1613 terminationes
1380 1569 1425 1613 in
1454 1569 1606 1615 Latiali
1636 1570 1782 1630 lingua
1811 1587 1859 1615 ex
1890 1571 1969 1616 hac
1998 1569 2141 1617 nostra
2172 1587 2298 1617 unice

94 1632 390 1693 explicandas,
427 1650 476 1678 ex
504 1632 664 1692 quibus
696 1633 850 1679 deinde
880 1633 933 1677 de
972 1630 1168 1679 universa
1199 1633 1366 1695 lingua,
1403 1635 1541 1682 donec
1567 1635 1774 1698 pluribus
1802 1636 1910 1684 hanc
1937 1653 2030 1683 rem
2061 1637 2295 1698 aliquando

94 1698 308 1759 explicare
344 1699 536 1756 licuerit,
572 1698 709 1746 leHor
732 1698 964 1761 judicabit.

297 1767 440 1811 Docet
458 1767 627 1832 Festus,
661 1766 1024 1814 VenerisFrutae
1049 1765 1116 1813 vel
1136 1766 1344 1816 Frutinoe
1371 1768 1591 1829 templum
1613 1769 1835 1818 Frutinal
1860 1769 2126 1832 appellatum
2154 1766 2294 1822 fuisse,

89 1830 190 1878 Pari
211 1830 350 1885 modo
372 1832 555 1878 Vulcani
577 1832 618 1878 δι
639 1833 851 1878 Minervae
872 1833 1033 1894 templa
1057 1834 1116 1884 V
1107 1835 1286 1882 olcanal
1306 1835 1348 1880 ἃ
1370 1835 1608 1884 Minerval
1626 1837 1734 1883 olim
1757 1837 2007 1891 audiebant,
2042 1835 2294 1885 observante

91 1895 315 1962 Salmqfio
347 1899 391 1943 in
420 1900 536 1944 notis
564 1897 816 1945 doffliffi'mis
843 1899 897 1944 ad
920 1899 1125 1948 Solinum
1150 1919 1197 1962 p.
1221 1915 1300 1961 70.
1372 1901 1597 1967 Fagutal,
1633 1918 1681 1950 ut
1711 1904 1835 1950 docet
1860 1904 1975 1950 idem
1997 1903 2166 1961 Festus,
2203 1916 2293 1951 erat

86 1960 290 2010 sacellum
321 1966 469 2026 JoviS‚
505 1967 549 2010 in
578 1982 670 2025 quo
697 1962 824 2026 fagus
855 1967 1050 2026 quaedam
1080 1967 1231 2013 divino
1262 1969 1433 2014 honore
1462 1969 1690 2016 colebatur.
1765 1974 1970 2017 Montem
2000 1970 2291 2036 Quirinalem

85 2042 250 2077 veteres
281 2033 336 2076 ita
365 2046 670 2093 nuncupatum
708 2033 887 2089 docent,
928 2034 1050 2092 quod
1082 2033 1144 2079 ibi
1172 2034 1352 2080 Romuli
1379 2034 1445 2080 vel
1472 2037 1651 2096 Qirini
1675 2038 1891 2098 templum
1919 2039 2147 2084 conditum
2173 2035 2292 2085 bfuit

84 2096 318 2160 Lupercal
351 2097 476 2143 locus
515 2099 849 2156 nominabatur,
893 2099 971 2145 ubi
1000 2101 1103 2145 Pani
1132 2098 1245 2147 sacra
1282 2099 1464 2148 fiebant:
1511 2102 1551 2147 &
1580 2101 1634 2148 fic
1672 2119 1828 2163 porro.
1895 2106 1959 2149 Ex
1987 2104 2056 2150 his
2093 2106 2288 2154 omnius.

83 2163 332 2216 concludo,
363 2165 720 2210 terminationem
760 2165 878 2212 illam
910 2167 958 2212 al
985 2168 1170 2213 omnino
1199 2168 1354 2230 templi
1387 2166 1742 2227 significationem
1780 2170 1890 2216 olim
1921 2169 2133 2219 habuisse.
2196 2171 2288 2218 Ubi

82 2242 188 2272 vero
211 2226 442 2285 quidpiam
472 2227 577 2282 tale,
613 2228 655 2274 &
676 2231 721 2274 in
743 2246 827 2288 qua
855 2230 1002 2290 lingua
1022 2233 1218 2277 invenire
1245 2234 1377 2282 licet?
1400 2236 1538 2288 'Forte
1564 2237 1768 2295 nuspiam
1797 2235 1873 2281 nifi
1900 2239 1946 2281 in
1975 2240 2028 2284 L,
2050 2234 2285 2297 Moesogo·

81 2290 217 2340 thien.
286 2294 377 2336 Hic
397 2293 514 2338 enirn
537 2291 617 2341 ath
635 2295 856 2354 templum
878 2294 1009 2341 sonat.-
1081 2299 1185 2345 Luc.
1209 2313 1227 2344 1
1248 2334 1258 2353 ‚
1294 2313 1342 2355 9.
1376 2298 1669 2363 atgaggands
1690 2303 1736 2346 in
1760 2301 1839 2347 alh
1855 2299 2042 2363 fanins,
2076 2301 2286 2362 ingress'us

80 2357 128 2403 in
148 2358 366 2419 templum
390 2360 589 2405 Domini.
659 2362 717 2406 Et
741 2362 799 2406 ita
819 2358 928 2422 saepe
954 2362 1070 2415 alias,
1102 2360 1181 2410 cfr.
1209 2364 1371 2410 indices
1388 2363 1527 2429 Juni
1545 2365 1586 2410 ἃ
1611 2364 1948 2415 „S'titrnluelmii⁸
2019 2369 2118 2413 Pari
2145 2369 2282 2416 modo

80 2423 303 2478 videmus,
339 2424 460 2484 quod
488 2442 540 2473 us
561 2426 744 2474 vocibus
773 2426 969 2474 additum
999 2444 1174 2475 motum
1195 2446 1217 2475 a
1238 2430 1337 2476 loco
1365 2432 1549 2480 indicett
1577 2430 1792 2495 funditus
1820 2432 1878 2479 est
1900 2451 1950 2479 ex
1968 2431 2143 2495 fimdo,
2175 2438 2283 2485 fiir-

73 2494 230 2554 pines,
259 2493 458 2554 alh-pe,
492 2493 549 2539 ita
568 2494 853 2550 medullitus,
887 2497 1155 2552 cordicitus,
1185 2508 1380 2560 penitus,
1410 2498 1488 2544 &c
1558 2501 1668 2546 Haec
1692 2497 1854 2561 singula
1884 2501 1925 2546 ὅ(
1957 2499 2156 2547 universa
2182 2518 2281 2548 con-

77 2553 265 2601 fidemus
285 2590 298 2615 ,
341 2559 694 2607 terminatione-m
726 2560 847 2606 illam
881 2563 1165 2627 aequipollere
1190 2564 1324 2610 latino
1349 2582 1433 2619 ex,
1475 2566 1794 2625 animadverto3
1831 2564 1902 2612 sed
1930 2568 2044 2612 unde
2074 2567 2282 2628 deprom-

75 2620 210 2671 tum?
243 2625 389 2669 Immo
413 2641 519 2671 vero
540 2628 586 2672 in
606 2627 757 2672 eadem
787 2627 869 2683 hac
891 2628 1039 2688 lingua
1058 2626 1268 2690 superstes
1290 2629 1369 2688 est,
1402 2631 1479 2677 ubi
1501 2630 1690 2692 expresse
1711 2650 1766 2680 us
1786 2634 1871 2680 hoc
1890 2630 2007 2680 sensu
2027 2631 2278 2694 usurpatur,

74 2703 130 2736 us
154 2685 395 2745 himinam,
430 2692 605 2740 ca’lims
626 2696 764 2741 Marc.
793 2709 811 2740 1
828 2728 840 2750 ‚
883 2709 958 2742 11.
986 2711 1039 2742 us
1067 2695 1311 2753 domham,
1350 2715 1377 2745 a
1398 2698 1548 2746 velex
1578 2704 1791 2751 mortuis..
1857 2700 1953 2746 Pari
1982 2699 2120 2745 modo
2147 2699 2277 2747 habe·

71 2770 174 2802 mus
201 2756 374 2816 oppido
403 2756 538 2804 multa
565 2758 778 2804 vocabula
804 2761 851 2804 in
879 2760 939 2807 lis
963 2764 1180 2818 exeuntia,
1215 2765 1327 2811 inter
1353 2780 1509 2813 cetera,
1549 2766 1679 2822 ralis,
1713 2767 1873 2832 qualis.
1949 2764 2163 2812 Posterius
2189 2766 2275 2815 hoc

73 2820 222 2885 qualis
242 2839 264 2866 a
290 2832 389 2885 quis
410 2838 558 2869 ortum
589 2823 697 2885 esse,
733 2842 865 2872 nemo
896 2843 985 2873 non
1010 2830 1159 2888 primo
1188 2831 1351 2877 intuitu
1380 2832 1520 2890 videt3
1553 2829 1628 2880 sed
1658 2834 1765 2892 quid
1783 2830 1840 2878 est
1862 2832 1972 2878 illud
1993 2846 2039 2879 ta
2061 2834 2106 2878 in
2131 2835 2273 2894 priori

72 2901 200 2946 voce,
234 2889 340 2948 quid
366 2890 499 2939 altera
524 2888 687 2956 syllaba
713 2893 803 2944 lis?
856 2895 1113 2957 Nontenim
1138 2913 1296 2947 moror
1328 2914 1424 2959 eos,
1460 2900 1537 2959 qui
1565 2902 1683 2962 genii
1707 2900 1961 2964 linguarum
1988 2901 2156 2962 ignari,
2186 2917 2270 2961 pro

2148 2983 2270 3015 mera
