2473 3380
353 111 868 171 PRAEFATIONES
901 114 1285 171 SPECIMINI
1314 113 1689 170 GLOSSARII
1715 117 2077 175 PRAEFIXAE.
2212 129 2307 183 309

364 202 367 204 ’
681 224 1235 298 PRAEFATio
1305 226 1719 298 TERTIA.

240 378 285 409 m
311 362 396 409 iam
415 361 592 410 tertium
621 357 840 425 specimen
861 361 1069 410 Gloffarii
1099 364 1186 410 mei
1206 363 1440 425 Ulphilani
1468 363 1513 410 in
1539 359 1764 426 publicam
1783 362 1964 426 prodire
1988 363 2132 413 lucem
2160 360 2311 424 iubeo,

123 486 126 490 Δ
201 487 205 488 ⁷
238 427 403 475 servare
422 428 541 476 hunc
562 446 733 476 morem
756 444 904 476 meum
917 465 929 486 ‚
963 431 1009 475 in
1028 431 1228 476 animum
1255 431 1419 485 induxi,
1437 446 1487 476 ut
1505 432 1714 492 prooemii
1731 431 1831 478 loco
1851 432 2059 478 nonnulla
2080 432 2131 478 de
2150 432 2309 493 linguae

87 490 422 556 Moesogothicae
443 510 595 542 natura
613 497 656 543 ὅ(
675 494 979 542 constitutione
1004 496 1334 557 praemitterem.
1386 498 1519 543 Facio
1547 512 1652 543 vero
1680 497 1726 544 id
1753 511 1867 554 tam,
1904 513 1956 544 ut
1978 495 2110 544 divisa
2138 497 2230 543 haec
2259 501 2308 544 in

86 562 237 625 Plures
257 561 490 623 particulas
510 574 643 624 opera
664 559 881 608 movendo
899 561 1032 608 taedio
1053 563 1199 607 minus
1218 578 1318 624 apta
1346 561 1416 620 fit,
1453 579 1589 623 quam
1612 564 1768 622 etiam,
1803 578 1853 611 ut
1881 564 2050 626 aliquid
2075 561 2201 625 effer,
2235 566 2307 612 cui

87 629 320 675 immorari
343 624 534 690 possent,
569 629 646 688 qui
667 629 886 686 antiquam
909 627 1018 673 hanc
1041 627 1236 688 linguam
1262 644 1351 675 non
1371 628 1536 680 callent.
1592 630 1800 677 Inchoavi
1827 631 1960 678 altera
1986 646 2108 693 parte
2132 630 2311 692 harmo-

87 696 230 742 nicam
254 694 532 741 collationem
555 695 713 755 linguae
729 689 1062 753 Moesogothicae
1093 695 1342 754 latinaeque,
1381 710 1482 741 eum
1512 693 1753 756 praesertim
1783 699 1828 743 in
1857 696 2014 755 finem,
2048 713 2099 745 ut
2127 697 2310 745 demon·

85 759 287 821 strarem,
319 761 479 808 multas
501 759 582 806 esse
605 762 649 806 in
669 761 817 821 lingua
836 759 1032 805 Romana
1051 775 1198 817 voces,
1233 778 1421 821 quarum
1443 757 1586 807 fontes
1608 762 1652 808 ὅτ
1675 765 1821 824 prima
1840 765 1970 826 origo
1989 761 2191 826 nuspiam
2213 761 2310 810 feli-

85 831 201 884 cius,
238 843 371 889 quam
394 828 438 873 in
459 825 822 890 linguaGothica
852 840 1120 886 quaerantur.
1190 830 1295 874 Hoc
1321 842 1466 874 autem
1495 823 1766 886 institutum,
1796 845 1845 877 ur
1871 846 1961 878 non
1988 830 2126 878 modo
2155 831 2308 878 multis

86 897 396 958 peregrinum,
430 892 502 956 scd
521 894 563 941 ὅ(
584 891 797 941 maiestate
819 890 978 953 linguae
1000 891 1175 939 Latialis
1195 893 1429 956 indignum
1453 893 1572 940 haud
1591 892 1724 941 dubie
1741 897 1977 956 videbitur,
2000 900 2057 947 ita
2077 913 2198 947 tanto
2219 915 2308 946 rna·

87 964 154 1025 gis
174 980 197 1009 e
216 979 262 1009 re
283 975 380 1008 mea
399 963 507 1016 erit,
542 960 623 1008 alia
645 959 813 1020 aliaque
833 959 1027 1022 exempla
1048 961 1090 1007 in
1111 960 1307 1011 medium
1325 958 1479 1011 afferre
1492 1001 1503 1021 ,
1517 1018 1519 1020 ,
1534 978 1604 1021 ut,
1640 963 1761 1025 quod
1779 961 1942 1027 lingula
1960 962 2076 1013 forte
2104 968 2310 1027 nequive-

86 1031 188 1085 rint,
218 1024 451 1075 coniunfila
466 1024 752 1090 persuadendi
772 1024 963 1088 aliquam
978 1030 1069 1076 vim
1090 1029 1290 1082 habeant.
1357 1034 1448 1078 Ero
1467 1046 1612 1079 autem
1633 1033 1678 1078 in
1698 1032 1776 1080 hac
1796 1029 2052 1094 praefatione
2071 1030 2139 1080 rel
2160 1049 2213 1079 eo
2234 1049 2327 1079 no-·

87 1095 432 1152 minebrevior,
468 1095 590 1156 quod
611 1113 701 1144 uno
721 1095 909 1145 alterove
929 1096 1030 1156 loco
1043 1135 1054 1157 ,
1082 1115 1162 1160 per
1180 1097 1446 1146 occasionem
1465 1115 1627 1146 vocum
1648 1099 2007 1161 Ulphilanarum,
2031 1099 2150 1147 idem
2170 1096 2309 1161 osten-

89 1163 222 1211 dendi
252 1160 393 1210 statim
424 1164 536 1212 mihi
563 1164 725 1213 occasio
754 1164 943 1228 dab-itur.
982 1162 1064 1216 cfr.
1096 1161 1209 1213 infra
1236 1166 1280 1214 in
1312 1182 1406 1218 voc.
1426 1164 1751 1231 Andbalztjan,
1786 1167 1990 1226 Annum,
2024 1167 2309 1218 Andavlee’tn

88 1232 141 1282 In
160 1229 382 1296 praesentia
400 1233 489 1280 haec
509 1233 695 1295 paucula
717 1229 944 1281 sufficient,
2039 1246 2042 1249 ’
2326 1243 2329 1246 ’

227 1299 395 1349 Lautia
414 1301 531 1363 apud
552 1298 775 1364 scriptores
795 1298 977 1348 clafficos
996 1299 1249 1351 dicebantur
1268 1303 1343 1351 illa
1363 1303 1547 1363 cibaria,
1582 1320 1679 1366 quae
1706 1320 1789 1373 per
1817 1302 2045 1367 quaestores
2073 1304 2224 1368 legatis
2242 1302 2320 1351 exo*

87 1382 282 1417 terarum
303 1368 497 1430 gentium
519 1368 762 1414 aRomanis
773 1366 1072 1432 mittebantur.
1107 1371 1185 1422 Gr.
1203 1381 1370 1422 >ia-nem.
1396 1390 1435 1421 v,
1451 1370 1730 1423 Plutarchus
1749 1374 1793 1420 in
1813 1373 2027 1437 problem.
2045 1390 2090 1435 p.
2108 1389 2170 1421 m.
2191 1385 2254 1432 27
2264 1387 2308 1432 ς.

92 1436 261 1483 Scilicet
281 1451 329 1483 ut
350 1434 629 1482 commodius
655 1433 752 1497 esset
768 1433 882 1481 hisce
900 1434 1169 1499 hospitibus,
1206 1436 1307 1499 ipsis
1327 1438 1501 1499 publice
1521 1441 1667 1490 Locus
1690 1441 1733 1488 &
1753 1442 1923 1490 Lautia
1947 1439 2308 1497 concedebantur,

91 1502 181 1549 hoc
198 1497 280 1561 est,
310 1501 443 1556 aedes,
476 1518 565 1562 quo
583 1500 623 1549 se
641 1498 913 1561 conferrent,
946 1521 1032 1550 una
1054 1521 1154 1551 cum
1177 1505 1427 1553 decentibus
1446 1507 1601 1569 epulis.
1658 1509 1875 1556 Traditur
1893 1508 2189 1556 communiter
2205 1511 2230 1552 a
2247 1505 2313 1554 la·

91 1567 239 1618 vando
260 1569 410 1615 eadem
431 1566 543 1615 dista
557 1605 568 1625 ,
600 1569 975 1629 quemadmodum
997 1572 1174 1629 lautus,
1207 1571 1391 1620 lautitia
1412 1573 1494 1623 ὅτε.
1515 1575 1648 1635 idque
1670 1593 1718 1621 ex
1736 1593 1783 1622 ea
1805 1577 1995 1632 ratione,
2028 1573 2150 1635 quod
2169 1588 2312 1620 remo·

91 1638 207 1683 tiora
226 1632 363 1682 secula
383 1637 427 1681 in
446 1632 531 1682 sola
552 1637 767 1683 munditia
788 1653 966 1684 omnem
984 1655 1201 1701 pompam
1221 1636 1340 1697 suam
1360 1638 1616 1701 posuerunt.
1685 1642 1767 1689 Sed
1789 1642 2072 1700 crediderim,
2105 1641 2192 1687 hoc
2214 1639 2314 1686 ideo

90 1705 265 1757 tantum
287 1701 340 1748 ab
359 1701 626 1765 etymologis
644 1718 898 1765 acceptum,
931 1707 1034 1765 quia
1056 1707 1240 1753 meliora
1264 1723 1354 1752 non
1373 1706 1565 1763 aderant.
1633 1709 1756 1755 Mihi
1782 1727 1887 1756 vero
1913 1725 2083 1756 tantum
2111 1704 2240 1765 abest,
2264 1720 2316 1752 ut

89 1767 322 1833 probabile
340 1769 559 1826 videatur,
593 1769 648 1816 ab
667 1787 802 1830 aqua,
839 1788 972 1830 quam
993 1769 1180 1834 publicis
1203 1773 1453 1821 oratoribus
1471 1775 1525 1821 ad
1544 1773 1584 1821 se
1603 1775 1916 1823 divertentibus
1937 1773 2034 1823 ante
2054 1790 2220 1822 coenam
2234 1772 2316 1820 ‘da-

87 1837 209 1894 bant,
229 1833 482 1883 universum
504 1833 685 1897 hospitii
708 1853 968 1902 apparatum
987 1856 1150 1886 nomen
1169 1837 1350 1887 nancisci
1374 1839 1577 1903 potuisse,
1605 1857 1655 1890 ut
1673 1845 1824 1905 potius
1844 1835 2097 1905 persuasum
2115 1839 2316 1899 habeam,

92 1921 172 1952 nec
189 1921 214 1950 a
237 1901 431 1952 lavando
452 1902 618 1951 Loutia
636 1901 749 1950 dista
763 1941 774 1962 ‚
809 1922 887 1951 nec
907 1908 1025 1953 vocis
1046 1907 1179 1953 huius
1198 1907 1357 1954 natales
1378 1911 1488 1954 intra
1506 1911 1683 1956 Latium
1712 1910 1989 1971 quaerendoe.
2056 1911 2315 1967 Utrumque

91 1971 246 2034 paucis
266 1967 588 2018 demonstrabo,
657 1971 761 2026 Dixi
783 1988 806 2018 a
823 1971 1021 2021 lavando
1038 1990 1191 2020 vocem
1210 1974 1320 2020 hanc
1340 1976 1559 2035 originem
1578 1993 1666 2023 non
1687 1977 1858 2032 ducere,
1886 1977 1930 2023 id
1950 1975 2070 2036 quod
2092 1974 2191 2038 inde
2210 1990 2314 2038 con·

93 2037 251 2101 cludo,
285 2037 408 2099 quod
442 2036 561 2098 apud
594 2036 763 2103 Fqstum
796 2038 917 2100 lego,
951 2055 1114 2086 veteres
1148 2057 1237 2087 non
1272 2040 1439 2096 lautia,
1478 2039 1550 2087 sed
1581 2041 1743 2091 dantia
1773 2042 1939 2093 dixisse.
1964 2039 2016 2093 ⁴v.
2052 2059 2155 2089 eum
2188 2042 2239 2088 in
2273 2052 2316 2091 ν’.

93 2104 324 2167 (lacryma,
358 2103 435 2151 ubi
465 2104 556 2151 haec
591 2104 745 2154 habeti
790 2103 1050 2173 Dacrymas
1084 2108 1234 2154 Livius
1268 2104 1389 2173 [cepe
1415 2105 1593 2174 peficit,
1634 2113 1850 2159 nimirum
1884 2109 2005 2177 quod
2041 2110 2201 2159 Groeci
2218 2101 2317 2178 ,asi

13 2191 25 2206 .—
87 2171 268 2239 pellant
293 2178 450 2234 tingue:
478 2175 581 2220 item
617 2173 840 2230 Duritia,
858 2190 958 2240 quoe
978 2175 1151 2224 Lautia
1185 2175 1398 2232 dicimus,
1433 2171 1496 2228 &a
1524 2174 1700 2224 dantur
1732 2178 1895 2244 legarit
1926 2173 2108 2242 hospitii
2134 2163 2320 2243 gralia'.

94 2235 307 2285 Obstrvat
335 2238 429 2294 hic,
463 2236 790 2286 vetustissimum
810 2241 921 2286 Latii
949 2239 1206 2303 scriptorem
1227 2242 1411 2291 Lz'vium
1430 2242 1762 2301 Andronicum,
1797 2260 1846 2293 ut
1871 2241 2122 2291 archaismis
2149 2242 2311 2293 scaten-

94 2321 198 2363 tem,
218 2322 315 2352 non.
331 2303 386 2350 ad
407 2307 700 2352 recentiorum
721 2323 893 2353 morem
912 2308 1138 2374 lacrymas
1154 2307 1207 2356 &
1225 2311 1383 2367 lautia,
1403 2307 1475 2357 sed
1494 2313 1733 2378 dacrymas
1751 2308 1794 2358 8(
1815 2313 1973 2361 daut.a
1991 2310 2159 2359 dixisse:
2195 2311 2318 2372 prio·

93 2373 155 2419 ris
175 2368 399 2418 manifesta
416 2372 528 2417 ratio
551 2370 630 2428 est,
665 2390 805 2432 quum
830 2375 970 2421 Graeci
989 2382 1100 2437 Σᾶκςυ
1127 2374 1335 2435 dixerint3
1370 2375 1626 2437 posterioris
1656 2394 1837 2443 etymon
1864 2377 1964 2426 licet
1987 2395 2107 2439 aequa
2135 2375 2317 2425 manife-

91 2437 207 2486 stum
227 2456 317 2485 non
335 2436 404 2495 fit,
437 2438 727 2486 nihilominus
748 2434 842 2485 satis
863 2441 965 2488 hinc
986 2457 1127 2502 patet,
1163 2459 1185 2487 a
1203 2444 1398 2490 lavando
1418 2461 1572 2491 vocem
1590 2444 1675 2492 dici
1697 2463 1785 2492 nun
1806 2445 2008 2508 potuisse,
2032 2447 2200 2506 quippe
2219 2461 2318 2505 quae

95 2504 203 2552 olim
229 2503 388 2553 dantia
406 2503 518 2552 dista
540 2500 641 2562 fuit,
660 2524 736 2553 nec
759 2506 833 2553 nifi
855 2505 1043 2567 sequiori
1063 2523 1264 2569 tempore
1284 2511 1476 2569 primam
1496 2510 1681 2558 litteram
1704 2513 1749 2558 in
1768 2517 1788 2559 1
1809 2529 2123 2560 commutatam
2146 2512 2318 2562 habuit.

94 2570 233 2636 Qod
254 2588 356 2618 cum
375 2571 434 2617 ita
455 2570 525 2629 sit,
559 2572 602 2618 ἃ
621 2571 747 2618 simul
766 2572 928 2619 constet
960 2576 1005 2620 in
1035 2574 1181 2636 lingua
1204 2574 1524 2637 Moesogothica
1553 2577 1720 2627 dauhtr
1746 2581 2020 2636 convivium,
2056 2579 2208 2641 epulas
2239 2596 2316 2626 no-

94 2653 206 2702 tare,
241 2634 444 2698 suspicari
467 2640 633 2699 incepi,
667 2639 910 2686 hincrhaud
932 2641 1061 2687 dubie
1080 2640 1335 2702 profluxisse
1355 2660 1504 2690 vocem
1527 2645 1723 2705 latinam.
1792 2650 1854 2693 lta
1875 2647 2054 2693 deLevi
2076 2644 2315 2706 publicano

96 2702 272 2753 Christo
301 2703 430 2750 lautia
459 2701 535 2750 fua
563 2703 807 2755 instruente.
847 2708 958 2756 Luc.
983 2722 1024 2766 ς,
1056 2721 1131 2764 29.
1157 2709 1242 2773 jalz
1268 2706 1528 2775 gavaurhta
1556 2706 1697 2760 dazih:
1727 2712 1883 2761 mikda
1915 2715 2153 2762 Laiwwefs
2180 2722 2319 2763 imma

98 2775 146 2820 in
160 2769 594 2837 gardaseirlamma.
630 2773 660 2819 i.
683 2789 718 2821 e.
755 2771 809 2819 Et
837 2770 945 2820 fecit
972 2776 1224 2821 convivium
1253 2792 1463 2838 magnum
1483 2778 1586 2824 Levi
1623 2779 1687 2825 illi
1720 2781 1762 2826 in
1783 2781 1922 2827 domo
1952 2778 2042 2831 sua.
2114 2780 2318 2829 Recurrit

92 2849 180 2885 'vox
200 2837 350 2883 eadem
371 2838 489 2898 apud
508 2836 696 2884 eundem
716 2839 1017 2900 evangelistam
1039 2860 1074 2890 c.
1107 2857 1178 2902 14.
1202 2860 1241 2890 v.
1271 2858 1345 2905 13.
1382 2844 1440 2893 ak
1460 2844 1569 2893 clean
1598 2846 1834 2909 vaurkgiat‘s
1864 2850 2017 2897 aazflzt:
2050 2849 2079 2896 i.
2107 2866 2145 2896 e.
2182 2866 2316 2907 quat?

97 2904 158 2954 do
187 2902 293 2952 facis
325 2906 594 2953 convivium.
664 2907 770 2953 Huc
796 2909 929 2957 etiam
953 2907 1146 2958 retulero
1173 2911 1388 2971 lauatio,
1419 2912 1543 2975 quod
1570 2912 1859 2977 vocabulum,
1894 2926 2105 2978 quantum
2132 2918 2317 2977 ‘quidem

1173 2979 1272 3042 Q‘l
1311 2993 1334 3040 3
1752 3009 1768 3052 ῃ
1801 2999 1827 3008 “
2058 3017 2062 3019 -
2223 2998 2312 3031 mse
