2473 3380
950 100 1569 155 PRAEFAT'IO.

146 222 262 271 taSlu
302 220 448 284 aspera
484 217 554 276 fit,
589 218 631 266 ὃ(
655 216 927 278 singulorum
958 215 1274 261 elementorum
1311 211 1466 261 dussus
1504 214 1649 275 digitis
1684 213 1800 273 quasi
1838 213 2139 263 discernendos
2168 214 2338 266 offerat.

146 291 296 349 Atque
326 289 425 333 hinc
454 284 644 340 faetum,
677 300 725 330 ut
750 284 949 343 quamvis
976 282 1097 327 color
1124 282 1208 337 iam
1228 279 1432 341 plusculis
1455 283 1499 324 in
1519 281 1626 325 locis
1655 283 1828 340 penitus
1856 279 1997 328 exesus
2018 282 2085 339 fit,
2123 283 2254 328 literae
2281 297 2338 328 ta·

148 373 248 403 men
276 352 511 415 depreffior
542 351 706 408 sulcus,
738 348 802 395 sui
824 348 995 408 vestigia
1022 345 1177 402 servet,
1214 349 1354 392 immo
1383 347 1514 392 etiam
1545 344 1806 393 transeuntes
1836 349 1880 393 in
1901 347 2087 394 aversam
2117 347 2216 394 folii
2249 364 2340 408 par-

147 438 234 468 tem
258 422 480 466 literarum
504 417 659 467 duE’tus
682 414 764 463 sese
781 412 1049 461 immisceant
1078 412 1138 457 ibi
1160 414 1336 458 exaratis
1356 410 1687 458 charnac-ribus.
1743 417 1885 471 Atque
1914 414 2016 460 hinc
2047 411 2210 461 facium
2243 412 2341 469 esse,

148 486 490 537 observavimuS,
525 501 573 532 ut
601 483 709 543 saepe
738 480 870 527 nostri
910 480 1097 525 editores
1128 479 1296 524 errandi
1329 477 1595 524 occasionem
1632 481 1896 537 acceperint,
1930 480 2160 540 literasque
2189 484 2343 541 prima*

149 556 317 615 paginae
345 554 388 597 in
421 553 549 597 altera
582 552 782 612 legerint,
815 547 856 592 ἃ
878 544 993 591 versa
1018 548 1121 592 vice,
1189 547 1257 591 Sic
1288 544 1365 590 ubi
1393 541 1568 610 Junius
1603 543 1761 603 legerat
1776 544 2010 611 gatlzrasst
2045 550 2146 593 Luc⁸
2177 552 2228 602 6,
2267 561 2343 604 24.

147 617 511 669 Stiernlzz'elmius
535 619 696 663 invenit
716 612 896 677 gothol,
920 612 982 658 vel
1009 611 1129 671 quod
1151 613 1194 656 in
1215 609 1430 658 Gloss'ario
1450 610 1578 656 habet
1592 610 1821 675 gadal-‘'th,
1850 629 1948 657 cum
1970 628 2114 658 tamen
2141 612 2343 662 C.A.ha·

148 688 244 734 beat
262 682 504 750 ξιιῐΙκΙιῑᾰῐΙι,
562 685 654 729 Pari
679 682 814 726 modo
837 677 1199 728 Snernhtetmius
1229 681 1336 725 Luc.
1362 692 1384 737 3
1403 710 1414 730 ‚
1453 690 1528 725 21.
1559 674 1780 723 mitotlzim
1811 678 1936 737 legit,
1963 678 2063 724 loco
2091 682 2343 742 managein,

147 753 323 799 alterius
343 752 509 812 paginae
528 749 660 795 literis
679 746 838 793 folium
861 744 1208 807 permeantibust
1244 760 1338 801 quae
1361 744 1469 789 adeo
1481 741 1655 789 dissonae
1675 740 1979 789 leEiionesnon
1997 745 2173 790 aliunde
2193 761 2347 805 prove·

150 833 319 874 nerunt,
340 834 471 875 quam
506 833 553 861 ex
582 817 769 861 mixtura
796 814 928 874 partis
955 816 1102 857 anticae
1123 811 1164 856 ὃ(
1182 808 1355 870 posticae
1383 807 1498 857 folii.
1554 813 1652 872 Jam
1674 825 1777 854 vero
1797 809 2136 855 animadvertere
2154 826 2349 870 pronum

151 883 229 940 est,
263 882 476 929 ficalamo
505 883 572 927 vel
606 882 817 927 arundine
860 876 984 939 piE'cae
1022 874 1199 922 fuiss'ent
1234 876 1388 931 literae,
1431 876 1542 921 adeo
1578 878 1619 920 in
1652 875 1792 920 haecce
1821 873 2102 922 instrumenta
2131 873 2346 922 scribendi

151 949 400 997 incumbere
437 966 525 993 non
555 945 739 1007 potuiffe
771 945 1022 996 librarium,
1066 957 1114 988 ut
1151 939 1309 988 duetus
1350 942 1574 987 literarum
1604 952 1785 990 cavaret.
1919 947 1921 949 ’

354 1028 398 1062 2.
436 1014 560 1059 innui
583 1029 748 1073 nuper,
779 1007 986 1056 calefasso
1006 1005 1124 1054 ferro
1145 996 1391 1068 imprtffsam
1413 1005 1536 1054 fuisse
1556 1007 1687 1053 literae
1707 1004 1923 1065 formam,
1957 1007 2001 1054 ἃ
2027 1007 2113 1053 hoc
2133 1009 2348 1054 rationem

149 1082 313 1131 reddit,
348 1083 488 1127 curin
520 1080 665 1126 codice
688 1078 911 1123 videamus
929 1113 938 1129 ,
968 1072 1191 1135 saepiffime
1221 1076 1432 1132 integram*
1461 1074 1682 1120 literarum
1712 1071 1898 1134 figuram
1925 1071 2115 1135 peresam
2145 1072 2246 1128 esse,
2291 1075 2349 1120 ita

148 1164 198 1195 ut
219 1146 391 1209 pertusa
422 1147 563 1193 charta
597 1141 852 1192 charafiieris
883 1139 1072 1188 formam
1106 1138 1352 1186 examuffim
1390 1139 1548 1196 servet,
1583 1141 1647 1186 uti
1675 1139 1778 1185 alias
1811 1142 2052 1185 innumeris
2083 1141 2126 1185 in
2157 1139 2285 1195 locis,
2319 1135 2349 1185 fi

149 1215 259 1275 quid
280 1230 452 1274 tempus
475 1214 578 1259 edax
600 1209 823 1266 absumfit,
855 1209 899 1254 id
928 1208 975 1253 fit
1000 1207 1308 1252 tamummodo
1336 1208 1448 1253 intra
1478 1208 1700 1252 literarum
1732 1206 1889 1262 lineas,
1931 1207 2101 1266 integro
2138 1208 2348 1264 margine,

149 1282 328 1341 integris
349 1281 561 1326 linearum
585 1276 830 1323 intervallis.
903 1273 998 1320 Aut
1020 1274 1165 1330 itaque
1183 1272 1416 1316 dicendum
1438 1275 1541 1325 erit,
1576 1269 1770 1316 corrosas
1796 1269 1921 1317 fuisse
1941 1272 2084 1318 literas
2106 1289 2185 1332 per
2204 1270 2348 1332 super·

149 1348 391 1392 venientem
439 1342 682 1404 pstiuram,
728 1340 798 1386 sed
829 1340 899 1384 illa
928 1354 1055 1383 aurea
1092 1337 1135 1382 ὅτ
1164 1353 1360 1396 argenteo
1382 1333 1458 1389 est,
1494 1336 1691 1393 adeoque
1733 1333 2030 1380 conservandae
2075 1353 2208 1395 quam
2246 1352 2347 1382 atte-

149 1412 293 1458 rendae
314 1409 578 1457 membranae
596 1408 768 1468 aptior,
803 1420 876 1451 aut
898 1406 1026 1450 etiam
1054 1404 1268 1447 coniicere
1287 1401 1455 1457 licebit,
1491 1398 1707 1446 diversum
1735 1399 1891 1445 caloris
1929 1401 1972 1444 in
2011 1416 2123 1463 typo
2150 1397 2352 1460 gradum,

149 1493 224 1524 aut
245 1477 459 1522 (liverium
481 1475 772 1537 imprimentis
801 1469 943 1516 nisum
971 1471 1071 1530 plus
1092 1471 1292 1514 minusve
1318 1468 1412 1512 vitii
1432 1468 1588 1513 chartae
1606 1464 1796 1511 attuliffe.
1870 1468 2039 1521 Immo,
2076 1482 2213 1525 quum
2241 1467 2352 1513 adeo

148 1541 274 1590 facile
295 1541 387 1587 fieri
416 1544 633 1602 potuerit,
669 1555 716 1585 ut
734 1538 801 1584 vel
830 1537 1013 1582 minima
1044 1536 1209 1580 incuria
1246 1535 1497 1592 nimiusque
1526 1530 1630 1578 ferri
1653 1533 1770 1578 calor
1797 1545 1940 1577 totum
1977 1528 2140 1578 folium
2168 1534 2352 1591 vitiaret,

147 1610 250 1657 hinc
275 1605 441 1655 faffium
472 1607 682 1659 arbitror,
715 1620 764 1651 ut
782 1604 868 1649 hoc
895 1600 1107 1648 scribendi
1138 1617 1272 1661 genus
1304 1601 1347 1644 in
1374 1597 1702 1645 desuetudinem
1734 1597 1889 1643 abierit

353 1689 398 1736 3.
431 1672 638 1729 Accedit,
674 1670 794 1730 quod
818 1685 969 1714 omnes
992 1668 1033 1712 in
1058 1667 1145 1712 hoc
1165 1666 1311 1711 codice
1339 1665 1560 1711 literarum
1595 1662 1749 1710 dussus
1770 1664 1879 1709 adeo
1917 1681 1996 1724 per
2016 1665 2165 1710 omnia
2195 1663 2353 1710 similes

148 1740 248 1798 sint,
283 1754 332 1786 ut
352 1739 467 1786 nulla
508 1744 632 1800 algam
672 1737 741 1793 sit,
796 1752 893 1796 quae
927 1751 1014 1779 non
1046 1732 1211 1791 ubique
1240 1744 1461 1779 occurrat:
1504 1731 1613 1777 adeo
1643 1730 1846 1789 quidem,
1900 1746 1947 1774 ut
1979 1729 2203 1775 verisimile
2239 1731 2353 1775 mihi

148 1807 369 1863 videatur,
413 1820 523 1868 typo
561 1805 778 1863 quodam,
828 1816 877 1848 ut
909 1801 1018 1858 dixi,
1057 1816 1147 1845 non
1175 1799 1365 1856 calamo,
1411 1797 1634 1844 scribentis
1667 1813 1850 1843 manum
1888 1796 2022 1843 libere
2062 1794 2232 1853 secuto,
2273 1812 2350 1843 eos

147 1870 401 1920 efformatos
431 1868 568 1918 fuisse}

349 1954 398 1996 4.
433 1936 674 1985 Ceromatis
703 1933 925 1998 cujusdam
952 1932 1070 1980 haud
1097 1929 1274 1979 obscura
1294 1928 1469 1992 vestigia
1499 1929 1843 1975 examinantibus
1881 1925 2172 1975 demonstravi
2207 1924 2271 1991 (e.
2304 1945 2349 1990 g.

147 2001 231 2055 sol.
255 2017 335 2063 25.
361 2001 440 2051 fac,
474 2005 542 2063 2.)
569 2002 777 2062 quodque
799 2002 923 2047 lineae
942 2001 1118 2045 materia
1148 1997 1360 2057 quadam,
1403 2013 1538 2057 genus
1570 1995 1692 2042 collae
1725 1996 1793 2041 vel
1820 2011 1960 2041 ceram
1996 1991 2233 2054 referente,
2278 1996 2351 2041 cui

149 2089 278 2119 aurea
304 2070 476 2116 lamella
496 2069 746 2123 inhaereret,
779 2064 966 2112 indufi'tae
995 2062 1175 2111 fuerint.
1245 2067 1355 2124 Quae
1388 2064 1602 2124 pinguior
1623 2059 1760 2107 crusta
1789 2061 2026 2122 impediret
2063 2076 2174 2106 certe
2205 2058 2386 2107 nostros

150 2154 274 2186 more
301 2134 580 2190 scribentem,
614 2149 855 2194 pennaeque
890 2129 1045 2177 dacius
1072 2128 1365 2176 frustraretur.
1452 2131 1598 2174 Immo
1630 2129 1760 2173 etiam
1800 2123 2025 2173 manifeste
2056 2127 2210 2171 iisdem
2243 2126 2354 2171 testi·

149 2205 230 2251 bus
261 2201 450 2256 ostendi,
485 2199 604 2261 quod
632 2201 736 2245 dum
759 2198 1013 2244 membrana
1042 2194 1120 2242 soli
1149 2195 1478 2250 obvertebatur,
1513 2196 1624 2238 inter
1652 2193 1831 2237 eandem
1859 2192 1900 2237 &
1927 2189 2185 2252 impreffum
2208 2208 2353 2251 argen-

149 2285 267 2316 teum
288 2269 480 2314 colorem
513 2263 724 2311 interesset
752 2266 964 2326 pinguior
991 2263 1188 2323 quaedam
1213 2265 1419 2316 materia,
1462 2275 1557 2319 quae
1582 2257 1786 2317 inaequali
1827 2255 2025 2303 mensura
2057 2257 2187 2315 illita,
2229 2257 2347 2302 lucu-

148 2337 260 2383 lenta
287 2332 351 2382 sui
370 2332 567 2395 prodidit
602 2331 776 2378 indicia.

355 2415 401 2453 ς.
436 2399 688 2458 Aliquoties
724 2397 867 2442 literas
898 2396 943 2440 in
972 2393 1122 2440 codice
1158 2389 1307 2438 nostro
1343 2393 1403 2437 ita
1427 2386 1703 2450 transpositas
1728 2403 1809 2448 per
1845 2385 2108 2434 amanuensis
2137 2389 2356 2444 incuriam

151 2465 339 2522 offendi,
378 2480 428 2512 ut
454 2465 572 2511 haud
602 2460 728 2510 facile
748 2463 871 2515 tales,
905 2475 1039 2522 prout
1069 2461 1153 2518 iam
1181 2458 1361 2514 exstant,
1395 2457 1617 2503 literarum
1639 2451 1989 2509 coniunffioneS,
2014 2455 2058 2499 in
2089 2456 2240 2499 animo
2257 2456 2351 2500 eius

152 2532 259 2594 fingi
297 2533 544 2593 potuerint:
602 2532 805 2575 omnium
842 2543 946 2573 vero
976 2524 1182 2572 facillime
1214 2522 1306 2570 fieri
1333 2525 1420 2570 hoc
1455 2523 1628 2584 potuit,
1669 2519 1701 2567 fi
1728 2524 1840 2566 'mter
1872 2522 2021 2583 plures
2057 2535 2211 2582 typos,
2265 2536 2349 2581 pro

153 2615 246 2646 uno
274 2600 379 2644 alter
404 2600 448 2643 in
476 2613 630 2643 manus
657 2596 842 2641 venerit:
877 2610 925 2640 ut
941 2594 1049 2638 dum
1067 2591 1195 2637 habet
1214 2608 1298 2650 pro
1319 2589 1447 2646 bair,
1483 2586 1611 2644 aibr,
1646 2587 1808 2635 Matth.
1840 2602 1861 2638 ς
1878 2623 1889 2643 ,
1925 2602 2000 2648 23.
2030 2583 2219 2633 difficilis
2247 2602 2350 2646 pro-

155 2666 466 2722 nunciationis,
500 2663 542 2710 ἃ
569 2660 724 2709 vitiosa
743 2661 860 2708 haud
881 2659 1011 2706 dubie
1031 2675 1157 2716 voce,
1195 2654 1253 2703 est
1280 2657 1396 2704 enim
1424 2672 1450 2701 a
1476 2655 1664 2713 bairan,
1710 2668 1761 2701 ut
1789 2650 1904 2701 infra
1941 2651 2114 2700 docebit
2142 2653 2350 2698 dominus

154 2731 366 2796 Setherg.
2100 2771 2102 2773 .

360 2802 404 2844 6.
439 2794 767 2843 Testimonium
789 2792 894 2839 dicit
916 2791 1111 2838 excidens
1139 2791 1363 2838 literarum
1395 2787 1541 2843 color,
1574 2788 1649 2848 qui
1671 2803 1753 2849 per
1778 2799 1923 2849 partes
1953 2783 2139 2839 interiit,
2173 2784 2232 2829 ita
2252 2783 2350 2842 qui·

160 2863 285 2924 dem,
318 2877 369 2913 ut
387 2862 629 2912 icintillulae
652 2876 861 2926 argenteae
891 2875 1083 2908 aureaeve
1103 2857 1175 2907 hic
1200 2856 1291 2905 illie
1317 2852 1560 2921 superstites
1589 2857 1636 2903 in
1674 2854 1809 2905 literae
1845 2850 1966 2902 sulco
1993 2862 2211 2908 maneant,
2252 2848 2349 2896 reli·

2260 2930 2348 2977 qua

139 132 171 176 4
