2473 3380
237 82 633 151 WACHTERI
668 87 979 142 DISSERT
1012 90 1118 143 DE
1152 90 1437 144 LINGUA
1472 93 1628 147 COD.
1666 95 2054 154 ARGENOEJ.
2192 114 2254 167 ⁶9

236 208 353 256 dans
378 207 431 255 S.
445 222 500 273 p.
521 220 604 266 41.
639 205 733 249 Um
753 202 918 255 rockan
939 204 1068 250 ethur
1089 221 1165 250 um
1188 203 1454 267 naetur‚sub
1474 206 1728 272 crepzfiulo
1748 211 1817 259 vel
1831 221 1970 263 nonu,
1989 214 2151 265 Heims
2168 216 2255 268 Kr·

246 275 297 325 T.
321 273 362 321 l.
382 288 438 338 p.
461 285 572 332 395.
604 266 732 332 Cous.
753 268 926 318 Gudm.
952 272 1152 318 Andreae
1177 272 1213 317 l.
1233 287 1271 318 c.
1293 288 1342 336 p.
1366 285 1478 320 200.

107 341 311 401 Saitqua,
345 336 537 400 occqfits.
573 335 745 387 Codex.
766 352 875 401 arg.
895 335 1028 385 habet
1049 334 1259 397 saggqua,
1293 342 1450 385 utiam
1465 340 1648 402 pridem
1667 340 1915 401 oblbrvavit
1941 351 2167 399 reverend.
2193 352 2254 403 Ε.

235 406 475 455 Benzelius
497 403 660 476 &100sp
677 405 807 450 illum
826 404 968 466 ampl.
989 402 1185 467 Sorberg
1204 405 1251 449 in
1271 403 1410 464 Ulph,
1429 403 1579 452 illustr.
1592 422 1642 472 p,
1666 422 1681 453 1
1697 424 1723 472 3
1760 424 1790 455 a
1810 410 1995 472 figquam
2017 421 2175 482 mergi,
2194 435 2253 481 0⁶·

238 471 404 524 cidere,
443 465 603 518 Suetlz.
627 468 642 513 1
650 467 783 530 Junka
798 500 809 522 ‚
849 469 1011 516 Germ.
1032 466 1218 513 fincken.

109 537 286 585 Saudim
302 574 312 592 ,
329 533 594 602 stzcrg'ficiis.
664 534 781 580 Saud
794 538 986 599 proprie
1003 549 1124 581 ovem
1147 545 1273 581 notat
1291 537 1336 581 in
1365 535 1539 647 Ιὲηέαἰι·
1551 534 1998 605 stptentrionalhtts,
2016 544 2259 607 sblemnem

90 643 97 645 .
240 618 394 662 nempe
396 601 735 667 sacrificiorum
756 604 1013 648 materiam.
1050 599 1172 650 Vide
1187 599 1401 664 pluribus
1453 619 1514 649 ccc
1534 604 1829 672 demonstrata
1849 609 2091 678 infragm.
2119 613 2261 681 Ulplz.

234 685 288 734 p.
313 675 424 716 106.
458 683 532 716 nec
549 669 701 715 nonin
724 663 951 711 Glossariis
971 664 1112 731 Junii
1138 663 1195 712 ΕΤ
1218 663 1557 716 Stiernbielmii.

105 736 277 791 Seithu‚
316 731 514 801 vespera.
582 730 781 796 Proprie
791 729 1048 793 serotinum
1068 743 1220 788 notat,
1252 748 1281 779 a
1301 730 1388 790 fid,
1414 735 1575 795 serus:
1609 738 1722 787 unde
1742 740 1821 787 lsl.
1840 739 2040 802 fidquold
2060 761 2178 810 pars
2197 764 2262 797 ορ.

233 799 430 864 spertini
448 800 660 862 temporis
677 796 854 845 ultima.

107 862 295 921 sifaida,
328 861 609 928 exstaeltavit,
636 867 836 912 occurrit
861 877 954 910 vox
980 860 1129 910 eadem
1149 867 1195 912 in
1224 863 1367 912 codice
1386 863 1798 934 Guelplzerbytano.
1836 874 1962 925 Rom.
1987 892 2003 922 1
2019 891 2060 935 ς,
2091 892 2159 927 10.
2195 883 2259 927 Si-

137 938 142 939 ’
244 928 381 988 faith,
418 931 673 979 laetamini:
708 931 757 980 &
769 965 780 986 ,
812 927 935 995 qued
951 944 1018 976 me
1035 944 1180 996 nuper
1197 936 1367 978 monuit
1388 933 1520 982 Dect.
1541 934 1660 997 Lye,
1693 941 1818 1001 apud
1833 940 2004 989 Bedam
2023 944 2089 996 H.
2109 944 2166 998 E,
2183 946 2264 1000 lib,

244 997 310 1054 V,
341 1012 421 1058 23.
454 995 587 1051 fifith‚
618 996 811 1060 gaudeo.
906 1008 909 1009 ’

110 1065 322 1125 sprauto,
354 1067 457 1112 cito.
528 1063 694 1112 Demto
709 1061 834 1129 fibilo
853 1077 932 1111 nos
951 1061 1068 1110 brdtt
1087 1060 1380 1130 usurpamus,
1413 1078 1631 1132 cognata,
1660 1081 1710 1118 ut
1728 1070 1921 1131 videtur,
1936 1089 2061 1123 0050,-
2092 1092 2122 1125 a
2142 1075 2267 1140 brad,

252 1145 291 1178 ct
315 1146 386 1179 us.

113 1195 249 1253 Suns,
281 1142 385 1246 ctito.
418 1194 556 1263 Anglf
581 1194 706 1248 soon.

112 1259 384 1318 Theihwon‚
402 1269 588 1309 tonitru.
658 1258 874 1328 Sufpiwr
893 1258 970 1325 effi’
984 1276 1245 1328 gra’corum
1263 1263 1592 1331 latinorumque
1624 1275 1758 1329 τυφὼ,
1795 1274 1873 1336 qui
1888 1272 2018 1337 apud
2020 1275 2270 1344 AEgyptiot

251 1339 350 1376 erat
387 1324 512 1375 Deus
537 1331 788 1378 tonitruum
819 1331 867 1378 δ’
897 1335 1036 1393 ignis.
1106 1330 1352 1379 Paululum
1382 1335 1623 1380 immutata
1633 1336 1963 1400 significatione
1988 1342 2109 1390 alias
2142 1358 2270 1394 notae

249 1406 429 1443 ventum
450 1399 738 1445 acerrimum.
811 1394 1055 1443 Fennom‘ce
1072 1395 1233 1443 teuhan
1250 1400 1305 1460 est
1327 1401 1596 1449 tumultuor.

113 1457 343 1516 Usfilmei,
361 1463 542 1530 stupor.
576 1461 659 1510 lsl.
687 1457 808 1508 felm.
829 1459 893 1509 id.
925 1457 1055 1507 felms
1081 1459 1218 1508 fullur
1248 1466 1292 1509 in
1319 1463 1459 1528 Vers.
1480 1465 1604 1515 Btbl.
1627 1466 1710 1515 [st.
1734 1469 1894 1521 Marc.
1923 1486 1962 1532 5,
1983 1488 2063 1534 42.
2080 1477 2272 1545 stupore

242 1526 407 1592 plenus
426 1528 475 1578 «ἐϋ
494 1523 691 1586 felmtra‚
725 1526 1032 1594 offlupescere.
1066 1526 1120 1576 ib.
1144 1542 1246 1593 cap.
1268 1544 1313 1586 9,
1347 1545 1417 1590 ις.
1828 1574 1830 1579 ,

69 1607 74 1611 ·
114 1592 336 1651 Waihsm,
367 1596 581 1660 angulus.
619 1592 759 1646 Goth.
779 1593 877 1640 wik.
948 1593 1165 1641 Occurrit
1185 1611 1278 1643 vox
1303 1591 1398 1645 haec
1418 1597 1591 1649 Matth.
1614 1602 1657 1657 6,
1683 1613 1720 1658 5.
1749 1601 1971 1655 Tatianus
1986 1602 2175 1656 hocloco
2196 1604 2273 1658 ha·

250 1657 323 1707 bet
343 1660 388 1706 in
411 1661 626 1722 gewigg'm
646 1675 744 1726 cap.
769 1675 847 1725 34,
877 1674 919 1707 Ι.
959 1656 1089 1722 Conf.
1110 1659 1407 1718 Palthenius‚
1437 1680 1489 1728 p.
1518 1671 1631 1726 360.

122 1724 278 1786 Waip,
312 1741 493 1775 corona.
530 1724 688 1775 Sueth.
709 1725 807 1782 wis,
842 1728 974 1773 vitta.
2132 1748 2135 1750 ·

115 1789 281 1848 Walu3‚
298 1790 501 1841 baculus.
521 1796 637 1844 Suet,
657 1793 751 1841 wal.
773 1790 835 1840 id.
856 1791 940 1840 lsl.
961 1790 1105 1839 walutt
1130 1793 1238 1840 Lat.
1259 1794 1412 1844 valluS.
1434 1813 1462 1844 v
1496 1795 1632 1842 Gloff
1654 1798 1888 1860 Suiogoth.
1913 1804 2043 1852 T.11.
2064 1820 2112 1865 p.
2133 1819 2273 1865 1029.

186 1857 333 1903 Altera
351 1894 360 1913 ,
394 1874 529 1918 quam
551 1858 787 1919 adiungere
806 1859 979 1903 animus
1003 1857 1127 1914 tulit,
1161 1856 1423 1920 observatio,
1444 1862 1565 1907 illam
1587 1878 1731 1922 tanget
1750 1864 2054 1923 quaestionem,
2090 1888 2174 1930 qua
2195 1871 2275 1920 dis-

53 1918 331 1969 sertationem
350 1921 473 1969 suam
494 1923 658 1969 claudit
677 1920 947 1969 dostiffimus
972 1921 1265 1981 Wtchterus,
1285 1942 1336 1970 an
1357 1943 1514 1986 nempe
1535 1927 1590 1973 L.
1614 1930 1897 1988 Suiogothica
1916 1950 2015 1979 cum
2035 1933 2133 1982 stilo
2153 1941 2202 1987 C.
2222 1945 2276 1991 Α,

55 1988 224 2046 aliquid
254 1983 474 2034 affinitatis
501 1986 686 2034 habeat?
720 1991 968 2048 Negantem
994 1990 1173 2035 Arnum
1192 1991 1462 2054 Magna‘um
1480 1988 1677 2049 sequitur
1696 1996 1761 2038 vir
1789 1995 2002 2058 laudatus,
2031 2001 2275 2064 statuitque,

55 2054 248 2115 propius
272 2052 327 2099 ad
355 2053 542 2100 eundem
570 2054 769 2100 accedere
795 2051 1028 2099 dialeffiim
1051 2055 1394 2101 Alemannicam.
1466 2058 1696 2103 Rationem
1727 2058 1797 2119 ille
1820 2059 1981 2120 adfert,
2017 2069 2119 2124 quia
2147 2069 2278 2118 verba

58 2115 405 2180 Moesogothica‚
438 2116 664 2180 praefixum
679 2135 744 2186 ga
762 2119 921 2166 habere
941 2116 1099 2176 solent,
1133 2120 1257 2180 quod
1277 2122 1393 2167 idem
1415 2119 1669 2168 observatur
1689 2126 1732 2169 in
1753 2127 1805 2173 1..
1828 2141 1917 2174 tam
1947 2145 2108 2189 vetere,
2143 2151 2276 2193 quam

53 2183 269 2230 hodierna
303 2185 657 2244 Germanorum,
700 2185 776 2232 ubi
815 2201 874 2252 ge
906 2186 1069 2246 pariter
1100 2188 1200 2232 voci
1234 2189 1538 2247 praemittitur,
1574 2205 1661 2234 non
1696 2191 1800 2237 item
1836 2210 1938 2241 vero
1983 2197 2029 2241 in
2060 2196 2277 2251 Suethica‚

55 2250 140 2297 Sed
174 2247 279 2296 scire
313 2253 539 2309 convenit,
574 2267 640 2318 ga
680 2251 791 2298 illud
826 2251 1120 2312 Ulphilanum
1161 2269 1295 2311 quam
1331 2251 1552 2314 saepiffime
1588 2255 1725 2301 otiose
1767 2262 1988 2320 praeponi,
2034 2263 2166 2323 idque
2205 2269 2277 2324 ita,

57 2328 108 2366 ut
143 2317 188 2362 in
225 2317 382 2364 iisdem
417 2316 560 2363 verbis
593 2319 733 2365 modo
770 2316 896 2374 adsit,
932 2316 1070 2362 modo
1106 2316 1388 2374 defideretur,
1418 2336 1457 2370 e.
1478 2338 1522 2381 g.
1558 2319 1777 2387 bairgan,
1814 2323 2087 2384 conservare,
2124 2332 2166 2377 ὅ(
2194 2349 2276 2398 ga-

57 2380 282 2448 bairgan,
315 2380 529 2446 driuson,
564 2384 740 2441 cadere,
776 2383 818 2429 ἃ
849 2381 1130 2449 gadriustm,
1163 2384 1246 2432 ὅτε.
1314 2387 1423 2430 Non
1462 2388 1606 2446 itaque
1642 2390 1794 2435 mirari
1829 2395 2058 2453 convenit,
2103 2395 2133 2442 fi
2167 2415 2278 2446 vete·

59 2465 125 2494 res
148 2449 406 2510 Suiogothi,
443 2448 645 2495 brevitati
665 2446 904 2505 studentes,
939 2446 1165 2509 praefixum
1189 2449 1295 2495 illud
1320 2450 1379 2495 nil
1408 2450 1646 2512 significans
1677 2453 1852 2502 miffum
1882 2454 2077 2508 fecerint.
2146 2466 2282 2527 Qod

59 2515 113 2561 ad
150 2514 377 2575 praefixum
412 2513 459 2564 hi
493 2516 665 2572 attinet,
710 2531 796 2576 pro
836 2532 927 2574 quo
964 2515 1172 2560 Germani
1207 2515 1256 2563 be
1303 2515 1442 2562 verbis
1485 2520 1616 2565 etiam
1658 2524 1954 2581 praemittunt,
1996 2543 2163 2576 certum
2207 2530 2280 2593 est,

61 2583 280 2627 civitatem
314 2580 425 2627 illud
458 2583 572 2629 inter
604 2597 766 2628 veteres
799 2583 957 2627 Succos
991 2583 1081 2626 non
1114 2580 1357 2627 obtinuiffes
1430 2583 1512 2629 Sed
1549 2602 1633 2644 qua
1669 2587 1752 2633 alia
1786 2591 1953 2636 ratione
1989 2592 2171 2643 existunt
2205 2614 2282 2647 no.

58 2663 122 2693 vae
152 2644 324 2693 dialeffl
358 2647 402 2694 δι
435 2662 493 2694 ex
518 2647 604 2693 illis
639 2664 762 2694 novae
795 2647 977 2708 linguae,
1023 2663 1157 2706 quam
1194 2648 1314 2707 quod
1357 2649 1492 2695 multa
1529 2652 1681 2699 cadant
1716 2654 1925 2702 vocabula
1962 2658 2002 2704 ἃ
2048 2664 2174 2708 variae
2206 2680 2284 2714 vo·

58 2712 320 2760 cabalorum
339 2728 506 2775 partes,
543 2730 639 2773 quae
666 2715 775 2760 olim
805 2715 850 2758 in
878 2711 958 2758 usu
990 2715 1142 2759 erant?
1175 2713 1425 2760 Meminisse
1455 2718 1571 2762 enim
1602 2733 1801 2778 oportet,
1832 2723 1943 2768 inter
1970 2729 2136 2774 aetatem
2165 2732 2281 2783 codi.

58 2782 124 2829 cis
143 2785 346 2844 argentei
366 2779 408 2825 &
429 2780 570 2840 prima
590 2783 643 2828 L.
664 2780 875 2826 Suethicae
897 2795 1180 2825 monumenta
1195 2817 1204 2834 ,
1237 2778 1264 2824 fi
1292 2798 1469 2840 quoque
1493 2783 1700 2830 islandica
1729 2787 1774 2830 in
1802 2784 2036 2836 subfidium
2060 2808 2268 2848 vocentur

60 2842 324 2893 interceffiss'e
343 2842 508 2907 septem
528 2845 775 2894 admodum
792 2842 952 2904 secula,
988 2862 1065 2893 nec
1083 2846 1271 2908 proinde
1294 2848 1457 2895 mirum
1479 2846 1573 2907 esse,
1590 2848 1621 2898 si
1640 2851 1686 2897 in
1706 2852 1813 2900 orbe
1833 2854 1942 2903 adeo
1963 2855 2164 2909 diffisa&
2183 2837 2282 2927 pos}

1204 2911 1236 2958 k

2198 2936 2279 2979 exi-
