2473 3380
759 151 1683 206 ANNOTATIONES.
2209 168 2300 219 125

88 262 232 311 versus
260 262 379 309 orbis
400 263 618 310 Gothicus
647 262 731 310 levi
758 281 860 311 cum
878 262 1195 313 'immutatione
1219 264 1431 327 agnoseit,
1466 267 1512 312 in
1541 265 1692 312 codice
1721 280 1923 327 argenteo
1946 285 2035 315 non
2054 285 2294 330 occurrere,

87 329 201 377 reeie
230 330 356 376 docet
377 329 643 387 Is'nittelz'us,
678 328 747 378 sed
768 332 885 378 illius
912 347 1057 378 tamen
1088 333 1245 378 indicia
1274 330 1486 393 superesse
1507 334 1551 378 in
1576 330 1916 398 gabuganaim,
1952 335 2100 385 flexus.
2144 340 2291 387 Marc.

88 411 140 456 ς,
174 412 223 458 4.
253 395 575 456 Anglosaxones
607 398 756 445 dicunt
776 398 1045 465 gebtgea'um
1067 414 1239 455 cneove,
1275 398 1392 445 flexis
1423 398 1635 460 genubus.
1672 417 1710 447 v.
1729 399 1875 448 Marc.
1904 417 1985 458 10,
2026 417 2097 463 17.
2132 404 2173 450 ἃ
2195 405 2291 450 Ale-

83 465 232 510 manni
249 463 546 528 giboganemo
565 463 742 512 kneuue.
820 466 1004 515 Tatian.
1041 483 1133 527 cap.
1151 473 1231 526 46,
1255 480 1297 513 2.
1365 466 1433 512 Ab
1455 467 1603 512 eadem
1633 464 1774 514 radice
1794 484 1875 513 nos
1895 468 2024 530 bosor
2052 471 2289 530 compedes

85 546 317 586 vocamus,
353 546 460 576 voce
489 529 662 577 florenti
689 531 794 578 latio
825 549 916 579 non
946 534 1106 594 ignota.
1174 530 1374 579 Plautm
1392 535 1509 578 enim
1530 531 1655 596 bojas
1673 532 1802 580 habet
1821 551 1907 595 pro
1928 535 2106 582 vinculo
2123 536 2192 582 vel
2211 552 2290 583 nu·

83 596 236 654 mella,
274 612 361 656 qua
389 594 528 644 sontes
558 598 879 645 vinciebantur:
915 616 1019 659 quas
1040 616 1064 644 a
1083 598 1188 644 loris
1210 597 1387 644 bubulis
1409 601 1465 644 ita
1486 598 1643 656 distas,
1678 596 1787 646 falso
1819 616 1975 661 putant
1999 603 2154 649 critici-

281 665 369 729 pp)
408 663 574 722 Raza'o,
608 682 704 715 vox.
760 665 917 712 Editor
936 665 1033 713 alla
1056 663 1214 725 razdo,
1233 664 1556 724 interpretatur,
1579 667 1723 712 omnis
1742 667 2032 727 loquelarum,
2052 668 2292 723 arbitratus

83 729 263 777 eandem
293 730 506 791 loquendi
535 733 752 778 rationem
772 733 869 777 heic
891 729 992 785 esse,
1027 745 1155 790 atque
1173 732 1218 776 in
1239 729 1440 775 membro
1472 731 1640 790 priori,
1674 732 1716 778 δι
1736 734 1924 794 proinde
1945 736 2088 783 razdo
2115 733 2197 782 effe
2217 752 2291 796 ge·-

81 799 270 844 nitivum
299 797 531 858 pluralem.
600 798 772 844 Induxit
797 814 899 843 eum
923 799 966 842 in
987 797 1096 842 hanc
1126 798 1387 858 opinionem
1419 798 1667 844 terminatio
1687 816 1710 846 o
1725 835 1736 855 ,
1771 817 1867 858 quae
1891 801 2022 848 huius
2042 799 2160 849 casus
2179 802 2297 849 indi·-

82 865 198 910 cium
223 862 304 909 effe
326 862 432 911 solet
451 867 493 910 in
516 865 657 912 verbis
681 866 726 908 in
746 881 769 909 a
793 862 1095 912 defluentibus.
1166 867 1312 909 Immo
1341 879 1445 908 vero
1477 864 1522 907 in
1553 865 1701 910 codice
1721 878 1925 925 argenteo
1945 867 2116 927 loquela
2137 867 2288 917 razda

79 927 295 977 scribitur.
317 933 463 977 Matth
497 937 562 978 26
571 976 575 983 ,
596 945 676 992 73.
748 932 844 990 Ego
867 931 1061 976 multum
1080 947 1167 976 non
1189 926 1467 990 refragabor,
1503 928 1574 974 etfi
1594 928 1852 990 scrupulum
1874 933 2036 979 iniiciat
2059 933 2290 994 praefixum

80 997 191 1054 alla,
228 998 346 1056 quod
374 994 637 1044 femininum
665 995 723 1042 est
746 996 788 1042 ὅ(
817 998 1076 1042 nominativi
1107 995 1246 1051 casus,
1281 1012 1423 1055 quum
1450 994 1575 1053 alias,
1608 996 1686 1043 ubi
1711 997 1784 1042 hie
1811 995 2074 1045 Gothismus
2107 1001 2288 1058 obtinet,

80 1079 284 1111 neutrum
307 1063 512 1125 gignendi
531 1061 643 1109 casui
663 1063 843 1123 adiungi
863 1060 1015 1124 saepius
1034 1060 1188 1118 soleat,
1224 1064 1289 1109 uti
1317 1061 1455 1108 modo
1479 1064 1566 1108 iam
1594 1066 1867 1114 monuimus,
1936 1064 2186 1127 Suspicatus
2215 1068 2290 1114 ita.-

82 1147 167 1189 que
189 1128 279 1175 sum
293 1160 306 1184 ,
338 1131 457 1174 vocis
478 1130 609 1176 huius
630 1130 847 1190 geminam
868 1126 991 1176 fuiss'e
1012 1131 1365 1177 terminationem
1381 1165 1393 1189 ,
1425 1145 1454 1176 a
1476 1129 1520 1174 ἃ
1538 1146 1586 1187 o,
1619 1130 1673 1176 ad
1695 1128 1888 1177 formam
1907 1131 2107 1194 plurium
2128 1135 2171 1178 in
2193 1133 2289 1180 cod.

80 1210 242 1257 argent.
264 1198 588 1242 occurrentium
610 1213 792 1252 vocum,
827 1213 866 1244 e.
888 1195 1173 1256 g.tmlzultl1a
1193 1197 1234 1248 ἃ
1255 1193 1487 1252 unlzultlzo,
1514 1197 1805 1245 cacodaemon.
1840 1216 1882 1245 v.
1913 1197 2092 1264 Ulplzil.
2121 1200 2286 1265 illustr.

81 1279 128 1325 p.
150 1269 230 1311 62.
269 1276 273 1282 ‘
302 1265 399 1308 Nec
426 1263 629 1322 exemplo
660 1278 794 1317 caret,
832 1277 1069 1324 utramque>
1102 1261 1436 1309 construetionis
1466 1263 1681 1309 rationem
1710 1263 1957 1324 promiscue
1977 1267 2098 1327 poni.
2121 1284 2162 1314 V.
2181 1269 2286 1313 Luc.

82 1344 126 1391 3,
153 1345 195 1389 5.
265 1331 444 1376 Interim
467 1345 611 1374 tamen
631 1345 719 1374 nou
740 1326 952 1388 diffiteor,
988 1331 1162 1390 penitus
1185 1327 1371 1375 insolens
1392 1346 1479 1375 non
1502 1326 1607 1385 esse,
1641 1330 1761 1375 aliud
1789 1347 1922 1391 genus
1952 1330 2061 1379 casui
2090 1335 2286 1393 genitivo

80 1396 275 1457 adiungi.
311 1413 346 1445 e.
367 1412 406 1456 g.
429 1398 571 1444 Marc.
596 1412 636 1455 5,
659 1411 738 1454 25.
773 1393 876 1459 Jalz
897 1400 1094 1458 qwinono
1117 1393 1247 1456 suma
1264 1394 1474 1458 wg'sandei
1501 1399 1547 1441 in
1570 1411 1689 1443 runa
1710 1395 1887 1453 blothis,
1925 1398 1965 1443 ἃ
1984 1399 2146 1445 mulier
2174 1416 2285 1459 quae-

81 1462 206 1519 darn,
243 1480 338 1522 quae
368 1458 510 1506 fixerat
547 1463 593 1507 in
623 1460 742 1506 fluxu
774 1459 1014 1521 sanguinis,
1051 1462 1093 1507 ὅ(
1122 1478 1215 1522 cap.
1239 1469 1281 1515 6,
1310 1478 1350 1510 2.
1384 1458 1525 1525 qlzono
1555 1458 1837 1527 handugeino
1849 1463 1908 1525 so
1933 1464 2102 1530 gibano
2132 1469 2286 1523 imma,

80 1545 271 1590 quarum
300 1525 610 1588 sapientiarum
633 1524 733 1573 esset
751 1525 880 1588 (illa)
899 1527 995 1574 data
1015 1529 1067 1579 ei,
1100 1525 1218 1576 conf.
1238 1526 1404 1576 Matth.
1429 1533 1471 1583 6,
1493 1531 1576 1587 46.
1612 1528 1753 1576 Marc.
1782 1546 1819 1585 1,
1843 1544 1923 1591 27.
1960 1538 2005 1589 6,
2027 1543 2074 1579 2.
2107 1534 2219 1581 Luc.
2237 1547 2285 1590 9,

80 1601 179 1652 26„
203 1608 277 1649 ιο,
302 1606 344 1649 8.
369 1609 443 1650 19,
511 1594 646 1656 Quod
666 1610 772 1639 vero
791 1594 844 1640 ad
866 1595 1067 1640 voculam
1087 1596 1235 1643 razda
1261 1593 1326 1640 vel
1345 1595 1488 1642 razdo
1515 1596 1663 1642 attinet
1690 1597 1893 1655 illiusque
1912 1600 2132 1659 originem
2148 1636 2158 1656 ,
2194 1615 2286 1646 non

78 1663 297 1722 ingratum
320 1658 415 1707 fore
433 1660 624 1707 arbitror
646 1661 799 1706 veteris
820 1661 1068 1707 litteraturae
1094 1660 1339 1708 amantibus
1353 1698 1363 1718 ,
1395 1660 1424 1707 fi
1446 1678 1519 1707 eos
1540 1659 1764 1708 observare
1793 1663 1988 1721 iubeam,
2023 1681 2050 1712 z
2069 1667 2114 1710 in
2134 1665 2284 1726 lingua

78 1726 403 1789 Moesogothica
435 1727 630 1773 medium
659 1725 738 1772 esse
768 1727 1017 1785 derivandi,
1053 1743 1181 1788 atque
1209 1726 1318 1773 adeo
1349 1728 1402 1773 ad
1437 1725 1572 1788 ipsam
1609 1728 1800 1774 radicem
1837 1747 1927 1777 non
1964 1733 2203 1792 pertinere,
2238 1730 2284 1777 id

61 1795 202 1854 quod
231 1795 297 1839 vel
326 1812 379 1840 eo
413 1796 593 1839 nomine
630 1794 983 1855 praetereundum
1015 1811 1102 1840 non
1137 1793 1216 1851 est,
1254 1795 1374 1853 quod
1404 1794 1519 1840 haud
1546 1811 1645 1840 raro
1675 1794 1990 1843 vocabulorum
2019 1799 2211 1859 origines
2239 1797 2283 1844 ὅ(

78 1863 407 1922 cognationem,
440 1863 637 1906 animum
669 1877 758 1906 non
779 1857 879 1908 satis
901 1861 1160 1918 advertenti,
1193 1860 1354 1908 turbet.
1424 1864 1533 1906 Rem
1561 1861 1781 1920 aliquibus
1807 1863 1850 1907 in
1880 1864 2077 1911 medium
2104 1863 2288 1924 afferenf

78 1928 145 1974 dis
181 1928 389 1989 exemplis
418 1927 633 1988 probabo.
703 1930 834 1975 Razn
854 1927 1040 1974 domum
1061 1926 1278 1990 significat,
1316 1931 1458 1976 Marc.
1492 1943 1561 1984 ΙΙ,
1599 1942 1676 1987 17.
1745 1931 1877 1978 Razn
1898 1934 2012 1978 mein
2042 1947 2157 1979 razn
2178 1932 2284 1979 bido

76 1992 280 2048 haftada,
316 1995 478 2040 domus
506 2011 602 2040 mea
627 1994 788 2040 domus
818 2011 997 2055 precum
1029 1995 1277 2043 vocabitur}
1313 1996 1415 2040 alias
1445 1992 1626 2042 rohsna.
1660 2012 1697 2043 v.
1722 2012 1810 2057 cap.
1840 2014 1913 2056 14,
1937 2004 2015 2045 66.
2054 2000 2102 2043 In
2131 1998 2283 2058 lingua

77 2060 288 2108 Islandica
329 2076 512 2108 rannur
549 2060 721 2108 dicitur.
773 2079 810 2107 v.
843 2061 1016 2111 Verelii
1051 2063 1218 2118 Index.
1271 2063 1428 2127 Kongs
1454 2077 1650 2120 rannur,
1680 2063 1893 2123 palatium
1919 2066 2048 2125 regis.
2116 2063 2282 2113 Mizdo

78 2126 400 2187 Mcesogothice
429 2143 590 2172 merces
616 2125 695 2176 est:
730 2128 774 2172 in
800 2125 990 2174 dialeffls
1018 2131 1208 2190 cognatis
1227 2129 1348 2185 med,
1382 2131 1537 2184 mieta,
1581 2140 1720 2177 muta.
1757 2131 1820 2175 Ita
1844 2131 1964 2190 quod
1982 2134 2087 2179 Luc.
2110 2139 2161 2189 6,
2200 2144 2280 2192 35.

87 2191 303 2258 Ulplzclas
326 2191 455 2238 habet
471 2193 618 2240 mzzdo
647 2208 822 2240 szwara
848 2210 1047 2259 managa
1069 2200 1114 2242 in
1134 2192 1541 2250 himinam,merces
1559 2193 1693 2240 vestra
1717 2196 1856 2242 multa
1879 2195 1937 2241 est
1963 2199 2008 2242 in
2033 2199 2281 2254 coelis,Me-

78 2258 294 2322 taphrasta
315 2256 568 2320 Anglosaxo
594 2254 798 2305 transfert
820 2257 956 2308 eower
980 2264 1081 2308 med
1095 2264 1136 2308 is
1157 2260 1298 2322 mycel
1317 2277 1371 2307 on
1394 2257 1586 2322 heofone,
1620 2260 1662 2305 ἃ
1695 2260 1912 2309 Tatianus
1936 2263 1981 2306 in
2001 2263 2278 2312 Harm.Eu.

79 2344 174 2388 cap.
199 2339 274 2378 22,
303 2341 374 2386 17.
410 2340 549 2374 muar
574 2331 706 2373 mieta
730 2328 782 2392 3⁴st
799 2324 1061 2392 ginulzsfizm
1088 2330 1134 2374 in
1157 2324 1374 2374 lzt'milon:
1417 2322 1533 2371 conf.
1556 2341 1642 2387 44,
1677 2334 1755 2381 28.
1795 2327 1836 2373 ὅ(
1863 2325 2081 2390 otfridus
2099 2327 2204 2386 Lib,
2225 2331 2277 2376 V.

75 2411 174 2453 cap.
192 2394 316 2449 XIX,
357 2407 463 2454 113.
531 2397 726 2439 Maiores
759 2392 1052 2441 nostrimuta
1083 2395 1239 2440 eodem
1271 2391 1391 2439 sensu
1427 2391 1708 2453 usurparunt.
1779 2395 1840 2439 Ita
1873 2394 1980 2440 dum
2008 2395 2059 2440 in*
2080 2394 2280 2461 Legibus

83 2457 456 2525 Wstrogothz'cis
475 2457 682 2513 sancitur,
717 2473 874 2507 matur
896 2459 1017 2526 aeghz·
1039 2458 1143 2508 ther
1168 2459 1310 2508 badhz'
1334 2459 1453 2508 lukoe
1477 2458 1530 2506 ole
1551 2457 1645 2521 siva
1669 2458 1801 2517 takoe,
1837 2459 1976 2507 lensus
1997 2460 2068 2518 est,
2104 2478 2274 2509 utrum-

81 2544 166 2587 que
187 2528 428 2585 coniugum
449 2528 690 2572 mercedem
705 2528 858 2587 ,operis
883 2544 1054 2588 capere,
1089 2527 1132 2574 ὃ(
1150 2529 1280 2573 etiam
1302 2524 1465 2572 solvere
1493 2526 1665 2575 debere.
1735 2530 1834 2590 Jam
1864 2544 1968 2573 vero
1989 2525 2090 2573 usus
2118 2530 2278 2580 vitium

78 2595 198 2648 voci,
236 2596 280 2637 in
298 2590 338 2637 se
362 2594 568 2653 innoxiae,
604 2590 819 2647 affricuit,
854 2594 910 2639 ita
939 2610 987 2639 ut
1009 2594 1143 2654 vulgo
1187 2591 1418 2654 usurpetur
1458 2610 1542 2654 pro
1577 2593 1725 2649 donis,
1761 2593 1923 2653 quibus
1956 2594 2145 2640 iudicem
2181 2612 2277 2641 cor·
2346 2599 2349 2601 ’

70 2661 345 2719 rumpimus.
418 2660 464 2702 ln
488 2659 632 2718 lingua
656 2660 858 2705 sora‘bica
877 2666 985 2707 mito
1004 2662 1131 2706 etiam
1154 2678 1241 2721 pro
1263 2659 1460 2705 mercede
1491 2676 1741 2717 occurrere,
1776 2658 1888 2706 testis
1909 2658 1964 2706 est
1981 2658 2276 2711 PVachterus.

77 2725 272 2789 Quando
298 2740 401 2770 vero
423 2725 563 2769 Gothi
592 2727 721 2771 exteri
745 2740 771 2771 z
793 2722 919 2771 suum
947 2726 1043 2772 heic
1068 2725 1305 2782 inseruere,
1338 2728 1578 2772 imitatores
1609 2726 1799 2772 habuere
1818 2728 2009 2783 Graecos,
2032 2729 2110 2786 qui
2153 2732 2274 2785 μιθδν

67 2788 242 2847 dicunt,
263 2808 396 2850 quam
417 2793 526 2835 adeo
557 2807 710 2837 vocem
739 2792 850 2837 inter
870 2809 916 2836 ea
937 2790 1048 2838 forte
1070 2794 1279 2850 retuleris,
1298 2810 1494 2852 quorum
1516 2794 1731 2853 originem
1753 2790 1909 2838 frustra
1934 2792 2010 2838 nifi
2035 2794 2151 2855 apud
2176 2797 2274 2838 Bar-

3 2880 7 2885 ·
75 2859 204 2906 bat-os
228 2859 388 2918 quaeri,
421 2858 464 2901 in
483 2857 656 2903 laudato
676 2856 753 2903 suo
768 2858 957 2925 Cratylo
983 2859 1107 2905 docet
1127 2861 1275 2911 Plato,
1333 2858 1538 2907 Fairzna
1558 2860 1601 2903 in
1620 2861 1767 2905 codice
1794 2874 1997 2919 argenteo
2021 2861 2274 2919 calcaneum

80 2941 215 2979 notat,
258 2926 330 2971 -Si
352 2940 457 2970 veto
486 2938 515 2970 z
533 2922 751 2981 demseris,
765 2926 1010 2987 remanebit
1021 2925 1188 2990 fairna
1208 2927 1272 2971 vel
1285 2923 1454 2987 ferna,
1491 2925 1619 2984 quod
1645 2928 1820 2986 penitus
1853 2921 1944 2987 fere
1978 2926 2161 2975 latinum
2196 2923 2270 2972 est.

1192 2997 1258 3059 Q
1278 3006 1301 3051 3
2155 2990 2271 3040 Per-
