2473 3380
894 97 939 149 L
979 93 1034 149 U
1063 92 1107 150 C
1135 94 1218 151 AE.
1295 93 1470 152 VIII.
2212 111 2274 169 63

78 223 157 275 35.
189 209 263 273 jah
293 223 489 270 quemun
515 217 565 257 at
593 205 749 271 iaifim.
779 207 836 274 p)
859 207 931 272 jah
959 208 1140 271 bigetun
1218 222 1299 271 35.
1333 212 1390 258 Et
1415 223 1624 258 venerunt
1653 209 1709 258 ad
1734 208 1906 276 Jesum,
1949 211 1992 261 &
2021 214 2276 267 invenerunt

141 276 332 326 fitandan
380 276 508 322 thana
559 291 762 324 mannan.
834 272 888 321 af
924 275 1138 322 thammei
1282 273 1497 325 sedentem
1527 277 1656 325 illum
1692 278 1946 340 hominem,
2000 298 2047 327 ex
2077 299 2166 342 quo
2193 283 2276 330 dae-

138 342 414 389 unhulthons
453 340 707 403 usiddjedun
745 342 1037 407 gawastdana
1085 340 1135 407 q)
1279 346 1430 391 monia
1458 342 1667 403 ekierant‚
1699 343 1929 407 vestitum,
1962 346 2005 394 8<
2025 345 2132 394 sanae
2154 366 2273 397 men--

136 408 210 471 jah
240 405 514 470 frathjandan
534 405 657 454 faura
683 405 827 454 fotum
858 406 1028 472 iafin’s.
1050 409 1097 468 r)
1276 410 1354 464 tis,
1389 410 1444 458 ad
1471 410 1603 472 pedes
1621 409 1737 475 Jesu.

72 479 151 538 36.
186 474 393 535 gataihun
429 472 541 522 than
574 478 635 522 im
671 472 755 535 jalz
788 473 834 537 s)
876 475 967 520 thai
1002 471 1132 535 gasai-
1211 478 1292 534 36.
1327 478 1653 525 Nuntiaverunt
1672 493 1817 525 autem
1838 479 1900 525 eis
1920 480 2049 526 etiam
2066 480 2292 541 videntes,‘

137 540 363 602 qhandans
388 539 583 607 'qhaizva
630 555 778 606 ganas
804 545 849 602 t)
895 538 937 587 sa
967 541 1133 587 daimo·
1277 543 1508 599 quomodo
1533 545 1755 592 convaluit
1771 545 2080 597 daemoniacus.

140 624 298 657 nareis·
1020 658 1022 660 ,

70 689 148 739 37.
178 674 251 738 jah
279 671 422 722 bedun
450 676 526 723 ina
554 674 603 733 v)
632 673 748 722 allai
773 673 976 739 gaujans
1010 669 1131 719 tlu'ze
1211 683 1286 733 37.
1322 672 1377 718 Et
1403 689 1613 735 rogarunt
1639 693 1740 724 eum
1769 694 1922 726 omnes
1949 678 2102 727 incolae
2127 683 2272 743 regim

128 743 376 808 gadarene.
397 742 457 801 x)
491 739 705 801 galeithan
718 736 888 801 fairra
901 737 992 800 fis.
1026 749 1131 785 unte
1275 739 1342 783 nis
1362 740 1720 799 Gadarenorum,
1753 759 1803 790 ut
1832 744 2065 792 discederet
2094 747 2147 794 ab
2171 748 2271 807 illis,

130 806 262 874 agzstz
300 805 581 855 mikf'lamma
623 803 911 853 dishabaidai
949 800 1129 866 zvqfim:
1276 806 1378 863 quia
1418 820 1557 859 metu,
1580 824 1742 868 magno
1785 812 2146 869 percellebantur.
2211 819 2272 862 At

129 874 200 924 itlz
234 877 275 921 is
303 871 598 939 galeitlzands
634 874 680 920 in
708 867 819 935 skip
849 868 1131 935 gawandida
1275 871 1311 916 is
1329 871 1540 933 ingreffus
1560 874 1605 918 in
1625 889 1779 920 navem
1803 875 1933 926 redii.

63 943 165 1071 38?
175 938 291 1056 hail?
305 1002 418 1053 than
437 1007 514 1052 ina
529 1004 576 1064 z)
607 1001 650 1049 sa
678 1003 794 1050 wain
1208 1009 1284 1065 38,
1318 1004 1504 1064 Rogavit
1521 1021 1666 1053 autem
1694 1023 1797 1054 eum
1817 1008 1900 1058 vir.

64 1089 90 1137 3
97 1090 139 1134 91
170 1074 243 1137 jah
263 1069 448 1136 usspillo
474 1069 528 1133 a)
556 1070 671 1130 qhan
692 1067 771 1115 filu
794 1067 1004 1130 gatawida
1026 1068 1127 1117 thus
1210 1082 1288 1127 39.
1322 1071 1379 1116 Et
1404 1088 1553 1130 narra,
1590 1089 1748 1133 quanta
1775 1072 1880 1122 fecit
1907 1075 1990 1126 tibi
2013 1078 2146 1127 Deus,
2214 1081 2271 1127 Et

127 1139 261 1202 gothz
290 1138 375 1200 jah
389 1136 573 1203 galaitlz
594 1135 692 1185 and
706 1135 862 1202 baurg
881 1137 989 1186 alla.
1014 1135 1059 1197 b)
1270 1134 1377 1183 abiit
1397 1153 1478 1198 per
1496 1137 1653 1199 urbem
1679 1155 1834 1192 totam.

2186 1229 2269 1276 410

164 1317 324 1360 Renzelio
342 1316 495 1369 reliquit
519 1316 838 1364 substituendam,
877 1317 983 1356 weilzs
1007 1317 1066 1356 vel
1090 1316 1202 1362 wells,
1238 1317 1357 1356 Marc.
1382 1325 1416 1368 8,
1445 1318 1508 1359 26,
1530 1330 1592 1364 27.
1620 1323 1788 1362 concinit
1813 1322 1975 1376 Anglofi
2006 1329 2094 1373 wic,
2134 1328 2267 1369 praue·
2288 1363 2291 1365 q

163 1371 287 1418 uniclz,
316 1368 450 1410 Germ.
472 1366 598 1415 weichs.
632 1371 756 1416 vicus,
792 1371 896 1416 villa,
934 1379 1101 1421 quorum
1127 1379 1287 1420 etymon
1308 1369 1520 1408 Waclzterns
1546 1371 1739 1412 constituit
1765 1388 1900 1415 vocem
1928 1381 2154 1419 saxonicam
2182 1380 2266 1426 wilt,

165 1437 285 1478 quam
303 1423 387 1462 vide
407 1424 429 1461 ι,
453 1435 486 1462 c,
510 1435 550 1473 ρ,
577 1432 686 1473 ¹09²·
710 1432 825 1473 atque
844 1435 934 1461 cum
955 1422 1023 1460 hac
1037 1435 1148 1474 porro
1170 1420 1331 1460 conferri
1357 1420 1478 1472 potest
1503 1423 1674 1463 nostrum
1694 1425 1783 1476 wile,
1817 1429 1945 1478 lucus,
1979 1430 2079 1483 sylva
2105 1435 2266 1484 minuta,

163 1476 267 1530 apud
284 1474 414 1528 Ας’]αςξεί.
433 1475 474 1513 in
492 1472 605 1513 Gloss‘.
633 1475 732 1513 Sueo
751 1476 793 1513 G
820 1489 859 1527 p.
890 1486 976 1521 570.
1006 1477 1128 1514 Notat
1147 1475 1235 1513 alias
1254 1474 1419 1525 antiquis
1438 1477 1565 1527 patriae
1593 1478 1748 1528 Gothis,
1783 1493 1916 1531 arcem,
1949 1484 2131 1534 castellum.

39 1528 43 1529 ⁷
99 1532 155 1586 p)
183 1527 294 1576 Deest
310 1529 351 1567 in
369 1527 536 1567 editione
552 1526 890 1582 StiernhielmianaJ
925 1529 960 1567 ὃ(
977 1529 1006 1566 Β
1043 1528 1192 1580 plenius
1219 1527 1375 1570 habent.

106 1586 148 1638 q)
204 1617 207 1621 ,
228 1584 262 1622 8(
282 1583 333 1622 St.
352 1579 594 1634 gawasz'dona:
623 1580 759 1619 reffius
771 1579 1023 1633 gawafi'dana,
1049 1581 1096 1620 ad
1113 1581 1279 1620 formam
1298 1579 1491 1630 dailidanffi
1523 1581 1594 1626 cas.
1612 1595 1649 1634 4.
1666 1598 1688 1624 a
1710 1586 1809 1626 ιτξὶο
1824 1586 2035 1641 gawafi'ths‚
2062 1591 2120 1630 vel
2141 1605 2265 1645 gawa-

173 1634 435 1687 1d5‚partieip.
458 1633 582 1685 paffiv.
612 1633 716 1672 verbi
740 1634 896 1685 wasjan,
926 1635 1134 1686 gawasjan,
1169 1633 1320 1682 vestire,
1357 1647 1377 1672 a
1402 1633 1550 1687 wastja‚
1597 1637 1727 1686 vestis,
1769 1641 1874 1680 unde
1908 1641 2134 1684 nostratibus
2168 1645 2262 1697 vaest,

159 1690 290 1730 tunica
304 1688 477 1727 interior.
507 1686 544 1725 8<
560 1699 691 1738 pono,
719 1686 848 1726 ablatis
865 1686 971 1726 sibilo
988 1688 1024 1726 8<
1052 1688 1316 1727 terminatione
1342 1687 1525 1738 Gothica,
1560 1691 1718 1743 Anglofi
1745 1693 1872 1741 waede3
1904 1697 2036 1737 Franc.
2063 1698 2096 1736 8<
2130 1697 2262 1741 Alam.

157 1754 268 1790 unat,
295 1741 397 1793 Belg.
420 1737 540 1787 waul,
569 1738 694 1778 Island
713 1739 838 1786 voder,
865 1739 993 1780 Sueth.
1011 1740 1098 1789 vad,
1127 1741 1234 1793 quod
1255 1739 1416 1793 superest
1434 1742 1476 1781 in
1499 1742 1659 1794 vadmal,
1699 1744 1814 1785 hodie
1838 1746 1995 1797 valmar,
2030 1763 2179 1802 pannus
2208 1754 2263 1792 vi-

155 1796 248 1843 lior,
275 1792 462 1846 vulgaris,
495 1793 592 1831 item
613 1790 675 1830 siit
701 1793 742 1832 in
768 1791 936 1845 vaeitfieck‚
971 1791 1097 1834 {hccus
1122 1794 1302 1835 vestium:
1343 1794 1477 1836 cuneta
1501 1799 1659 1839 notione
1684 1798 1837 1841 vestitus
1861 1802 1897 1841 8<
1922 1802 2163 1855 indumenti,
2191 1805 2263 1852 clia

154 1847 252 1900 Jun,
271 1848 306 1887 8<
327 1845 469 1885 Waclzt.
489 1846 531 1884 in
551 1843 749 1887 Glossariis.
1623 1877 1631 1884 »

101 1902 142 1953 ν)
169 1904 225 1941 Ita
242 1901 423 1946 omnino,
447 1911 528 1938 non
544 1897 671 1951 imfim,
701 1910 747 1940 ut
763 1899 874 1947 editi,
903 1913 937 1940 v.
954 1899 1053 1941 infra
1069 1899 1157 1942 vers
1181 1914 1245 1950 41.
1274 1902 1309 1941 8<
1328 1900 1376 1942 ad
1391 1903 1511 1944 Marc.
1538 1916 1570 1953 r,
1585 1916 1646 1954 45.
1664 1918 1748 1949 not.
1769 1920 1813 1951 x.
2144 1943 2149 1947 ,

51 1990 72 1998 Ι.
103 1957 140 2007 s)
165 1955 304 2005 Junius
321 1954 417 2006 legit
433 1952 521 1990 than
537 1951 585 1990 du
601 1955 669 2001 im,
698 1952 760 1994 fied
779 1952 1096 1995 consti-unionem
1115 1956 1219 1996 verbi
1238 1955 1482 2008 praecedentis
1501 1971 1592 1998 cum
1610 1961 1867 2013 proepoiitione
1885 1961 1931 2001 du
1948 1964 2100 2016 ignorat
2124 1965 2260 2019 Ulphi·

153 2008 226 2048 las:
253 2007 341 2054 vide
355 2006 524 2046 indicem
547 2006 588 2045 in
607 2019 698 2046 voce
709 2007 848 2061 gateih:
883 2009 916 2047 8<
938 2006 1011 2048 hoe
1036 2023 1214 2063 quoque,
1253 2009 1503 2051 Stiernhielmio
1535 2012 1837 2064 inobservatum,
1888 2017 1984 2057 vidit
2017 2021 2053 2058 8<
2084 2020 2260 2061 emenda-

151 2062 207 2101 vit
232 2063 273 2099 B.

101 2115 134 2166 τ)
148 2116 200 2166 ,].
218 2115 251 2152 8<
273 2114 327 2152 St.
345 2111 426 2163 qhai
451 2124 524 2150 was
543 2110 694 2158 lzaileda‚
731 2112 780 2151 ad
807 2114 1065 2156 imitationem
1088 2114 1244 2156 fortaffis
1269 2130 1426 2165 eorum,
1473 2129 1557 2170 quae
1582 2118 1766 2171 leguntur
1791 2123 1886 2162 Luc.
1913 2122 1950 2171 6,
1980 2131 2040 2168 18.
2070 2123 2263 2178 gahailidai

153 2164 370 2208 waurthun3
397 2163 510 2202 aliam
528 2176 616 2203 vero
634 2162 875 2205 construendi
895 2169 1082 2207 rationem
1109 2179 1211 2208 amat
1235 2169 1269 2209 h.
1290 2171 1313 2209 l.
1341 2171 1463 2210 codex
1487 2176 1715 2222 Argenteus,
1742 2174 1879 2224 qlzaiwa
1908 2187 2015 2216 notat
2040 2179 2260 2229 quomodo:

149 2230 285 2273 ganas,
313 2215 453 2256 Matth.
477 2227 513 2268 9,
535 2230 596 2255 22.
631 2229 667 2262 3.
686 2216 777 2268 ρει-Ε
798 2222 974 2269 praeterit.
1000 2221 1103 2260 verbi
1112 2220 1280 2274 gamfim,
1311 2235 1332 2260 a
1347 2222 1468 2274 simpl.
1487 2223 1603 2273 nisan.
1631 2236 1697 2274 per
1714 2226 1940 2265 metathesin
1954 2228 2088 2278 sanare
2096 2258 2107 2279 ‚
2148 2244 2260 2282 graec.

154 2268 270 2318 eden,
300 2268 459 2317 servare,
487 2270 581 2308 item
597 2267 753 2313 salvare.
781 2271 885 2310 unde
903 2273 1087 2325 nasjands,
1114 2274 1290 2321 salvator,
1318 2287 1339 2314 a
1363 2275 1513 2327 nafiins,
1539 2273 1633 2315 salus
1648 2303 1658 2323 ‚
1690 2278 1787 2317 Luc.
1810 2289 1873 2329 19,
1893 2289 1934 2329 9.

100 2325 142 2377 v)
167 2327 202 2378 J.
222 2325 257 2362 8<
273 2324 322 2363 St.
345 2321 459 2360 badan
479 2326 545 2366 im,
575 2323 712 2374 triplici
729 2326 888 2364 nomine
906 2325 1034 2365 vitiose
1045 2341 1055 2372 3
1081 2339 1172 2366 nam
1189 2325 1271 2365 bath
1287 2329 1345 2366 vel
1361 2326 1448 2375 bad,
1473 2340 1495 2366 a
1509 2325 1647 2380 huljan,
1668 2342 1790 2376 orare,
1806 2331 1860 2369 'in
1879 2332 2036 2383 plurali,
2069 2344 2115 2373 ut
2135 2334 2258 2375 obser-

151 2387 241 2418 vant
258 2375 526 2422 Grammatici,
555 2375 589 2413 8<
610 2377 699 2416 Rev.
718 2376 919 2425 Renzelius,
953 2378 1067 2418 habet
1087 2378 1220 2427 bedun,
1254 2379 1391 2419 Matth,
1424 2388 1458 2428 8,
1481 2392 1540 2426 31.
1562 2393 1622 2428 34.
1650 2395 1720 2422 nec
1743 2395 1918 2435 unquam
1943 2388 2043 2438 regit
2069 2387 2257 2438 dativum,

151 2442 277 2481 neque
296 2429 380 2468 heic
393 2428 609 2468 admittitur
626 2442 809 2469 numerus
827 2432 1086 2472 multitudinis
1111 2436 1160 2471 im
1172 2445 1184 2481 3
1212 2434 1301 2485 quia
1317 2432 1450 2486 Jesum
1466 2431 1589 2472 solum
1608 2434 1760 2475 allocuti
1785 2435 1871 2476 sunt
1896 2440 2103 2489 Gadamni,
2138 2453 2254 2483 ut-ex

149 2483 330 2533 suffragio
346 2482 446 2521 codd
486 2494 698 2533 graecorum
724 2484 901 2535 colligere
913 2486 1013 2527 licet.

100 2537 149 2587 x)
177 2534 337 2575 Monere
354 2536 479 2582 iuvat,
507 2547 588 2575 non
608 2534 679 2574 effe
699 2536 969 2578 confundenda
987 2539 1065 2578 duo
1081 2539 1263 2580 vocabula
1281 2538 1442 2579 Gothica
1453 2542 1540 2594 gani
1558 2542 1593 2580 8<
1605 2539 1736 2595 gauja,
1771 2556 1937 2596 quorum
1962 2547 2066 2598 prius
2090 2561 2252 2601 pagum,

157 2589 320 2629 alterum
342 2589 432 2640 pagi
446 2588 612 2627 incolam
628 2599 743 2628 notat.
768 2591 936 2642 Impegit
954 2593 1001 2632 ad
1023 2591 1128 2631 hunc
1144 2591 1345 2645 scopulum
1367 2596 1454 2634 Rev.
1476 2594 1657 2633 Henzelz'us
1684 2607 1750 2648 cap
1790 2609 1818 2645 3,
1841 2611 1871 2645 3.
1900 2608 1945 2638 ut
1971 2599 2184 2641 obfervatur
2209 2605 2251 2643 in

149 2641 258 2682 Anal.
283 2639 386 2692 Ulph.
453 2640 603 2680 Deinde
631 2640 753 2681 obiter
774 2656 998 2693 monemus,
1032 2646 1321 2686 Stiernlzielmz'um
1349 2660 1418 2699 pro
1438 2647 1589 2700 gaujans
1615 2649 1740 2700 legere
1766 2651 1944 2703 manjan-s,
1979 2654 2096 2706 quod,
2118 2655 2250 2699 codice

148 2693 323 2741 iubente,
361 2694 508 2733 civitate
526 2693 729 2746 Ulphilana
753 2697 958 2747 privamus.
1768 2717 1771 2721 ·

85 2754 135 2803 y)
164 2750 235 2789 His
254 2756 380 2786 carent
396 2748 419 2799 J
450 2748 485 2785 8<
504 2748 557 2787 St.
578 2761 661 2799 quae
679 2748 837 2800 quidem
852 2764 943 2798 nos,
968 2762 1159 2794 annuente
1177 2755 1265 2793 Rev.
1282 2752 1459 2801 Benzelio,
1496 2752 1741 2798 restituimus.

94 2807 139 2853 z)
165 2805 306 2854 Neque
323 2800 402 2839 haec
416 2799 541 2851 legere
562 2801 683 2840 voluit
695 2803 738 2841 St
766 2816 849 2855 quae
873 2813 1002 2845 tamen
1019 2807 1135 2858 probe
1153 2807 1375 2846 adferuntur
1391 2820 1412 2846 a
1439 2808 1479 2859 J.
1497 2809 1530 2845 ὅ(
1549 2809 1594 2847 Β.

98 2857 140 2906 a)
166 2857 227 2895 Sic
244 2857 280 2908 J.
301 2856 336 2893 ὅ(
354 2855 383 2893 Β
429 2854 482 2893 St.
505 2851 555 2904 us
569 2853 644 2892 illos*
670 2853 722 2893 est
736 2867 865 2896 autem
882 2857 927 2897 ab
944 2871 984 2897 us
1002 2861 1033 2898 8<
1044 2859 1191 2912 spill0n‚
1228 2861 1333 2912 quod
1348 2861 1433 2899 vide
1457 2858 1545 2898 vers.
1575 2871 1607 2899 1.
1631 2857 1700 2900 sub
1722 2872 1814 2902 voce
1830 2858 2112 2917 wailawillonds.

95 2908 136 2962 b)
161 2910 185 2962 J
216 2910 250 2948 8<
270 2909 322 2947 St.
337 2906 408 2958 jah
418 2905 530 2959 galait
556 2905 641 2944 ands
656 2905 768 2962 baurg
784 2909 851 2947 alla
860 2924 874 2957 ς
900 2911 998 2951 foret
1012 2920 1142 2952 autem
1154 2912 1388 2966 galeitlzands,
1416 2912 1443 2951 fi
1467 2912 1573 2965 quod
1589 2914 1744 2964 volunt,
1779 2914 1894 2959 ferret
1909 2918 1992 2961 cod.
2011 2923 2243 2976 Argenteus,

151 2962 220 3016 qui
243 2971 374 3003 tamen
392 2958 488 3002 nihil
505 2958 653 3001 diffidet
668 2972 689 3002 a
707 2963 836 3014 graecis
852 2964 913 3003 καὶ
930 2963 1075 3008 ἐπῆλθε
1085 2994 1096 3018 ,
1121 2959 1326 3015 xan'l‘imr.
1382 2967 1424 3008 Β.
1453 2965 1563 3007 nobis
1581 2964 1692 3009 favet.
