2473 3380
181 189 274 238 118
784 167 1714 227 ANNOTATIONES.

180 292 303 355 quod
331 272 439 338 dum
475 284 726 346 considero,
759 286 1033 346 exploratum
1069 282 1234 339 habeo,
1266 296 1426 327 novam
1463 278 1544 325 effe
1579 280 1689 327 hanc
1725 297 1902 340 vocem,
1945 281 1987 330 &
2023 298 2207 343 quoquo
2247 283 2384 331 modo

177 357 409 407 effiRam..
451 355 542 401 Ubi
569 370 663 400 eam
693 354 896 398 omnium
913 348 1073 410 'pi-imo
1102 349 1302 406 invenio,
1338 345 1397 393 est
1423 343 1671 393 Chronicon
1699 345 2039 415 Rhythmicum,
2071 351 2196 395 cuius
2223 348 2385 412 postre-

180 442 298 477 mam
316 437 487 489 partem
506 420 661 469 Seculo
679 421 775 465 XV.
798 433 887 462 non
908 413 988 460 ess'e
1005 416 1312 473 antiquiorem,
1343 413 1569 468 novimu5‚
1603 413 1814 475 quodque
1829 432 1879 477 p.
1905 431 2013 479 375,
2040 415 2184 465 habet.

593 485 640 534 T
633 481 684 532 lte
706 481 862 545 sworo
891 493 943 529 at
962 478 1152 544 faenden
1179 497 1278 529 war
1306 477 1411 528 ther
1436 478 1606 528 moeder

579 553 813 613 Jurarunt,
846 547 1070 594 diabolum
1106 546 1168 594 ibi
1199 544 1398 594 adfuisse.

177 625 341 673 Eadem
370 617 515 667 forma
544 632 698 662 vocem
730 616 842 662 hanc
869 615 987 676 apud
1018 613 1159 674 Anglo
1189 617 1375 662 Saxonas
1404 612 1562 663 inveni.
1631 614 1942 674 Fragmentum
1971 616 2079 664 vitae
2105 612 2150 668 S,
2180 615 2389 682 Marga-

177 703 312 746 reta’,
349 690 394 734 in
413 684 734 734 Grammatica
757 681 815 732 A.
847 682 898 730 S.
927 679 1136 746 Hickqsii.

582 745 857 813 Hefirvede
886 751 974 796 nite
1006 746 1103 795 and
1126 744 1216 794 dau
1233 741 1400 807 findes
1428 747 1474 792 in
1503 740 1627 794 belle.

579 817 737 862 Serviit
764 812 892 862 noste
922 815 1077 873 dieque
1103 811 1280 859 diabolo
1317 812 1363 856 in
1394 810 1602 872 gehenna,

176 901 408 950 quumque
436 881 570 929 iidem
608 881 834 929 diabolum
862 882 997 942 vulgo
1013 878 1158 943 seond
1179 878 1456 939 appellitent,
1491 877 1534 923 &
1565 878 1665 924 dein
1692 872 1919 923 observare
1945 875 2092 934 liceat,
2125 878 2391 927 Alemannos

175 955 334 1002 eodem
361 947 599 1012 significatu
621 949 737 1013 fiant
760 948 827 995 vel
831 949 957 1015 fiunt
978 945 1204 1008 usurpare.
1238 961 1280 992 ν.
1305 941 1449 1007 Gloffi
1476 941 1600 1011 Lips
1616 942 1754 990 statim
1775 939 1996 999 succurrit,
2014 944 2059 989 in
2078 942 2244 1006 scriptis
2265 946 2392 991 Islan-

165 1022 308 1075 dicia,
342 1017 404 1064 nil
426 1013 506 1062 esse
526 1011 821 1075 frequentius,
854 1031 987 1073 quam
1015 1029 1063 1060 ut
1082 1011 1235 1079 fiande
1261 1010 1517 1072 simpliciter
1538 1028 1622 1073 pro
1643 1009 1823 1056 inimico
1849 1011 2017 1068 generis
2041 1009 2227 1056 humani
2254 1028 2390 1072 pona-

168 1102 263 1135 tur.
316 1082 491 1146 7710}st-
524 1081 822 1147 Wkingffins
850 1081 903 1128 S,
933 1097 978 1141 p.
1006 1094 1080 1127 12.
1149 1075 1417 1141 Lioterfi’m
1430 1078 1645 1143 fianden,
1676 1091 1783 1122 teter
1805 1073 1933 1121 instar
1952 1075 2131 1127 diaboli.
2201 1077 2393 1127 Fianda.

176 1152 318 1215 krapt
339 1147 398 1197 est
415 1165 482 1194 ars
504 1148 730 1203 diabolica,
751 1147 832 1193 ἃς.
904 1143 1147 1192 Confirmat
1166 1160 1237 1190 me
1259 1143 1340 1189 hac
1360 1145 1404 1189 in
1426 1144 1661 1203 opinione,
1697 1140 1817 1202 quod
1836 1144 2148 1204 memineram,
2183 1146 2332 1190 Danos
2351 1146 2394 1192 δε

177 1215 399 1266 inferioris
420 1214 599 1260 Gothiae
626 1212 788 1259 incolas
817 1212 1038 1270 hodieque
1065 1227 1154 1256 non
1170 1207 1317 1272 fanen
1345 1207 1418 1255 sed
1429 1208 1606 1271 funden
1624 1209 1787 1262 dicere,
1820 1208 1941 1267 quod
1964 1209 2072 1254 adeo
2092 1208 2208 1255 idem
2230 1208 2309 1266 est,
2344 1227 2393 1259 ac

177 1283 325 1345 Anglo
353 1285 571 1328 Saxonum
588 1276 755 1343 fenden
783 1277 826 1324 ἃ
843 1277 1332 1341 Islandicumfianden,
1365 1273 1524 1332 hostis,
1560 1276 1781 1322 inimicus,
1853 1273 1970 1319 Idem
1993 1273 2062 1319 ille
2081 1275 2218 1322 malus
2240 1278 2394 1337 genius

179 1353 226 1397 in
254 1349 418 1397 Codice
438 1344 666 1407 Argenteo
689 1344 818 1391 simili
840 1341 931 1390 fere
952 1344 1117 1390 ratione
1137 1338 1360 1390 unhultlla
1390 1341 1457 1386 vel
1478 1337 1695 1389 unhulclzo
1723 1339 1869 1396 audit,
1904 1337 2020 1398 quasi
2040 1342 2259 1388 immitem
2282 1343 2398 1390 dice·

178 1432 270 1465 rest
306 1414 359 1461 ab
389 1410 523 1468 hald,
555 1413 743 1468 amicus,
780 1410 1012 1471 benignus,
1080 1411 1285 1455 Ceterum
1317 1422 1366 1453 ut
1394 1408 1446 1452 ad
1469 1407 1762 1468 Ulphilanum
1787 1403 1879 1468 fan
1901 1406 2100 1463 redeam,
2132 1424 2279 1455 veram
2300 1411 2394 1456 eius

178 1480 413 1530 lectionem
425 1480 609 1543 ¹primus
629 1479 835 1524 omnium
856 1476 985 1522 nobis
1007 1473 1194 1521 ostendit
1211 1475 1279 1520 vir
1299 1471 1589 1530 doffiffimuS,
1613 1472 1817 1538 Joannes
1831 1469 2049 1528 Gordon,
2082 1475 2207 1519 cuius
2233 1475 2398 1537 elegan-

169 1553 232 1596 tis
266 1532 605 1602 observationes,
640 1560 779 1605 quum
801 1541 1034 1593 Analec‘lis
1066 1539 1220 1589 nostris
1247 1537 1510 1608 Ulpln‘lanis
1542 1541 1729 1602 integras
1756 1536 2059 1598 subiiciamuS,
2093 1555 2147 1585 eo
2180 1538 2393 1590 lefstorem

174 1616 396 1665 remittere
420 1611 559 1664 liceat,

1191 1692 1237 1725 v.
1309 1686 1390 1724 20.

382 1744 443 1803 x)
479 1740 629 1810 Jabai
650 1740 793 1808 gredo
814 1739 967 1807 fiiand
987 1738 1213 1790 tlaeinana.
1265 1738 1512 1791 Knittelius
1539 1739 1638 1787 heic
1668 1738 1836 1800 duplici
1861 1736 2053 1786 versione
2082 1738 2235 1786 ultima
2265 1737 2399 1802 verba

183 1811 342 1869 reddit,
377 1810 407 1858 fi
426 1807 624 1856 esurierit
645 1812 826 1856 inimico
848 1825 939 1865 tuo,
960 1808 1252 1855 &inimicum
1270 1824 1413 1864 tuum,
1447 1808 1649 1863 incertus,
1683 1807 1750 1851 uti
1768 1805 1961 1861 videtur,
1998 1821 2148 1852 utrum
2176 1805 2396 1852 abbrevia-

185 1882 250 1927 tio
268 1875 540 1927 theinamma
562 1893 615 1921 an
641 1873 850 1923 themana
872 1875 1049 1923 indicet.
1119 1874 1201 1920 Sed
1222 1870 1412 1935 praefero
1440 1874 1627 1919 omnino
1647 1869 1874 1932 posterius,
1923 1873 2048 1917 Ratio
2075 1872 2167 1918 haec
2189 1870 2261 1919 est.
2306 1874 2396 1918 Ha-

184 1945 291 1992 bent
318 1944 460 1990 Gothi
491 1942 620 1990 verba
647 1940 976 2004 impersonalia,
1011 1956 1107 2000 quae
1133 1956 1218 2001 pro
1249 1956 1373 1986 more
1402 1935 1693 1985 dialestorum
1723 1951 2007 1997 cognatarum
2026 1937 2222 1983 dativum
2251 1935 2398 1984 casum

183 2008 278 2059 fere
305 2007 551 2059 adsciscunt.
586 2010 736 2054 Huius
760 2005 892 2054 classis
911 2003 1284 2072 suntgate1kaida
1305 2010 1403 2063 mis,
1431 2005 1596 2067 placuit
1613 2003 1742 2051 mihi.
1777 2005 1885 2052 Luc.
1909 2020 1947 2059 1,
1980 2019 2023 2065 3.
2058 2000 2290 2070 thugkeitlz
2316 2006 2397 2060 im,

185 2077 358 2125 videtur
386 2074 500 2137 ipsis.
542 2072 773 2122 idiotismo
801 2090 904 2120 vero
935 2072 1142 2120 omnibus
1167 2072 1378 2136 Scythica:
1404 2072 1588 2133 originis
1614 2066 1808 2116 dialeE'tis
1831 2069 2060 2116 communi
2079 2070 2209 2116 verba
2227 2068 2397 2116 sitiendi

185 2143 231 2191 &
264 2140 479 2190 esuriendi
509 2156 713 2201 quartum
744 2138 886 2188 casum
912 2137 1168 2195 adsciscunt,
1213 2140 1279 2185 uti
1314 2139 1520 2200 exemplis
1556 2135 1782 2183 nonnullis
1820 2136 1866 2182 in
1894 2135 2089 2187 medium
2118 2133 2396 2198 proferendis

183 2208 426 2258 ostendam.
481 2210 530 2254 In
557 2207 705 2254 codice
732 2221 934 2268 argenteo
963 2206 1149 2267 legimus
1167 2205 1275 2269 Joh.
1299 2211 1345 2265 6,
1371 2220 1448 2265 35.
1524 2201 1686 2253 Thana
1709 2202 1994 2269 gaggandan
2017 2202 2081 2250 du
2101 2209 2188 2250 mis
2208 2207 2256 2250 ni
2276 2200 2397 2268 hug-

182 2272 338 2344 greith
353 2311 364 2332 ,
386 2271 479 2336 jah
503 2270 644 2322 thuna
662 2271 1039 2339 gaulaubjandan
1052 2272 1204 2320 dumis
1221 2275 1270 2320 ni
1289 2267 1538 2335 thaurseitlz
1559 2267 1793 2335 qhanlmn‚
1826 2268 2000 2314 veniens
2021 2269 2078 2314 ad
2098 2285 2170 2314 me
2196 2286 2287 2314 non
2307 2269 2397 2315 esu·

186 2345 292 2399 riet,
326 2340 501 2389 credens
521 2341 566 2386 in
586 2357 657 2386 me
676 2356 767 2386 non
785 2338 894 2386 sitiet
911 2354 1129 2398 unquam:
1166 2355 1264 2398 quae
1289 2337 1420 2384 verba
1446 2334 1823 2398 Anglosaxonicus
1853 2336 2069 2394 Interpres
2097 2333 2238 2380 reddit
2259 2352 2268 2378 :
2321 2335 2397 2384 Ne

188 2408 393 2474 leingrad
408 2405 551 2463 thone,
581 2403 653 2453 the
672 2416 715 2454 to
732 2421 800 2453 me
815 2402 978 2468 cymtlz,
1008 2403 1106 2452 and
1119 2419 1170 2451 ne
1189 2403 1333 2467 thyrsi
1352 2401 1482 2452 thone
1502 2398 1660 2464 naefre,
1693 2398 1765 2449 tlte
1781 2415 1836 2448 on
1853 2413 1920 2446 me
1934 2396 2129 2466 gelyftlz.
2164 2400 2397 2447 Alemanni

189 2475 346 2523 eodem
365 2473 524 2520 modo:
560 2469 708 2519 testem
731 2470 845 2517 dabo
872 2470 1124 2525 Tatianum,
1150 2471 1258 2529 Cap.
1277 2483 1348 2527 ις,
1369 2484 1411 2517 2.
1446 2464 1583 2531 After
1601 2463 1700 2516 thiu
1723 2461 1962 2531 hungirita
1982 2481 2102 2523 man,
2134 2464 2282 2527 postea
2300 2465 2397 2514 esu-
2461 2471 2471 2475 ⁴

191 2537 318 2593 tivit„
360 2543 464 2602 Nec
489 2535 703 2598 discrepat
734 2535 944 2596 loquendi
973 2536 1085 2581 ratio
1106 2534 1397 2582 lslandorum.
1427 2537 1566 2585 Marc.
1587 2546 1632 2581 2.
1674 2529 1837 2595 Hafed
1853 2530 1971 2580 thier
1995 2536 2086 2598 eigi
2110 2533 2239 2594 lefid,
2271 2532 2400 2582 [mad

192 2606 359 2658 David
377 2603 567 2671 gjorde,
596 2603 679 2653 tha
704 2601 797 2652 han
815 2599 992 2665 tlmrfte
1012 2603 1095 2649 vid
1102 2637 1113 2657 ,
1146 2617 1246 2650 mer
1269 2599 1390 2649 kann
1408 2595 1858 2666 hungradestaffan:
1891 2615 2037 2644 nonne
2060 2597 2242 2660 legistis,
2273 2599 2395 2658 quod

193 2670 296 2720 fecit
327 2670 495 2730 David,
528 2686 670 2732 quum
703 2686 817 2731 opus
843 2668 1021 2724 hahuit,
1055 2667 1097 2714 ἃ
1125 2665 1218 2729 ipse
1248 2664 1412 2716 esuriit.
1477 2665 1611 2713 Paulo
1640 2664 1861 2727 operosius
1880 2665 1997 2711 hunc
2017 2679 2212 2711 veterum
2233 2664 2397 2727 lingua·

195 2754 295 2786 rum
316 2736 587 2786 idiotismum
606 2735 912 2798 explicandum
929 2734 1045 2790 duxi,
1062 2750 1202 2793 quum
1220 2731 1426 2779 mantissae
1446 2733 1546 2780 loco
1574 2731 1946 2779 observationibus
1964 2728 2205 2795 sffyntasticis
2224 2730 2394 2780 Hzcbe-

190 2804 329 2871 fianis
347 2805 525 2865 adiungi
545 2801 690 2865 possit‚
711 2802 756 2850 ἃ
775 2802 872 2848 heic
892 2802 978 2848 loci
997 2798 1223 2847 necessaria
1241 2797 1302 2848 sit.
1359 2802 1425 2846 De
1448 2815 1554 2847 voce
1572 2815 1675 2846 vero
1690 2798 1861 2865 gredon
1880 2798 2123 2844 notandum
2140 2794 2213 2854 est,
2233 2798 2392 2859 Angla·

197 2867 372 2916 saxonas
388 2886 588 2917 voracem
607 2887 684 2918 nec
700 2885 792 2916 non
808 2884 990 2914 avarum
1000 2865 1191 2933 graedig
1207 2865 1653 2929 appellare‚1slandos
1672 2865 1910 2933 gradugr.
1959 2867 2150 2924 Sequens
2166 2859 2393 2929 thaurſjai

196 2934 327 2984 simili
339 2932 620 2998 impersonali
636 2932 782 2985 forma
797 2933 989 2998 positum
1003 2933 1124 2984 scias·

2173 2995 2222 3056 ν)
2255 2994 2385 3052 Mad,
