2473 3380
291 180 398 237 DE
421 177 832 265 NOMINIBUS
855 178 1028 236 was
1037 177 1237 234 ΤΑΝΊτ
1260 177 1657 236 mamm:
1680 179 2141 239 MOESOGOTH.
2208 196 2306 247 ιη

985 310 987 313 ·
1130 297 1166 356 §.
1234 298 1272 347 Ι.
1916 296 1919 298 ’

218 384 419 441 Nomina
435 379 759 444 Moesogothica
778 380 875 430 sunt
893 384 1062 444 generis
1079 385 1147 430 vel
1166 382 1395 431 masculini
1413 384 1480 432 vel
1499 382 1723 432 Feminini
1746 383 1815 431 vel
1844 384 1971 430 etiam
1993 386 2205 434 neutrius.

286 453 425 502 Nota.
493 449 748 508 vocabula,
779 466 876 510 quae
899 451 1092 496 neutrIus
1115 453 1284 512 generis
1311 450 1393 498 esse
1415 452 1629 508 dicimus,
1662 450 1959 508 commodius»,
1988 451 2030 497 ὅ(
2051 452 2104 497 ad
2125 453 2307 512 genium

85 518 243 582 linguae
261 514 596 580 Moesogothicae
616 517 783 579 aptius,
817 517 1076 564 communia
1094 517 1307 579 appellari
1326 517 1473 580 posse,
1507 519 1591 566 alia
1616 516 1836 567 occasione
1860 516 2036 565 uberius
2058 516 2307 568 docebitur.

1107 600 1153 667 ς.
1222 608 1280 654 11.

219 694 424 742 Nomina
440 689 766 754 Moesogothica
787 705 1028 737 numerum
1047 689 1209 738 habent
1226 690 1486 753 singularem
1505 694 1547 740 ἃ
1565 691 1797 755 pluralem.

285 764 398 813 Not.
438 775 478 809 1.
543 762 777 805 Numerus
796 758 958 815 duali8‚
993 759 1069 817 qui
1087 759 1133 805 in
1152 757 1295 806 verbis
1316 758 1358 806 &
1375 760 1719 821 pronominibus
1739 763 1951 822 occurrit,
1986 761 2033 809 in
2048 758 2305 811 nominibus

82 827 354 877 substantivis
375 827 418 874 ὅ(
436 823 658 874 adieffivis
679 823 880 885 exemplo
904 838 1035 872 caret.

281 897 398 943 Not.
436 910 483 943 2.
551 895 690 938 Voces
711 890 934 937 nonnullae
954 889 1240 938 solummodo
1264 892 1309 938 in
1329 891 1528 953 plurium
1549 908 1736 940 nurnero
1756 907 2013 951 occurrunt,
2047 908 2211 942 retenta
2226 891 2305 956 fig·
2341 903 2343 905 '

80 959 329 1028 nificatione
347 959 566 1024 lingulati,
587 975 626 1008 e.
647 974 694 1021 g.
711 956 862 1015 bokos,
896 957 1030 1016 liber,
1066 957 1242 1017 litterae,
1267 956 1548 1026 fragiftim,
1580 956 1881 1022 desponsatio,
1908 953 2074 1026 br'zfis,
2103 958 2273 1022 pestus.

1099 1048 1138 1106 §0
1207 1050 1283 1095 ΙΙΙ.

214 1133 349 1185 Casus
368 1133 530 1190 habent
550 1135 762 1196 quinque,
780 1136 1119 1200 nominativum,
1141 1138 1401 1198 genitivum,
1431 1137 1638 1194 dativum,
1668 1133 1954 1184 accusativum
1975 1135 2019 1183 δε
2036 1135 2304 1184 vocativum.

279 1205 395 1252 Not.
439 1217 482 1251 Ι.
552 1201 734 1250 Addunt
755 1204 1031 1264 grammatici
1060 1202 1322 1264 ablativum3
1358 1204 1430 1252 sed
1459 1221 1600 1265 quum
1628 1205 1665 1250 is
1692 1220 1717 1251 a
1743 1203 1889 1250 dativo
1917 1202 2031 1249 nihil
2059 1199 2305 1264 discrepans

78 1268 346 1329 inveniatur,
381 1286 470 1316 non
489 1269 642 1326 video,
678 1286 755 1316 cur
775 1285 1015 1315 numerum
1035 1266 1193 1316 frustra
1216 1272 1577 1334 multiplicemus,

280 1341 392 1384 Not.
429 1351 476 1384 2.
546 1336 784 1382 vocativus
803 1336 945 1381 rarior
964 1338 1178 1393 occurrit,
1208 1337 1249 1382 ὅ(
1270 1338 1315 1384 id
1336 1341 1416 1396 ita,
1449 1353 1498 1385 ut
1515 1356 1540 1384 a
1558 1336 1832 1384 nominativo
1851 1330 2159 1390 feredifferat,
2197 1330 2304 1382 eliso

76 1422 100 1455 s
129 1403 272 1460 finali,
303 1421 339 1452 e.
359 1420 407 1465 p.
437 1404 607 1459 leikeis,
642 1402 788 1457 leika,
823 1402 1017 1459 medice,
1050 1401 1254 1465 laffiiris,
1285 1403 1469 1467 laifizri,
1504 1402 1689 1458 dofior,
1718 1402 1942 1467 siponeis,
1959 1400 2139 1466 siponi,
2180 1398 2303 1447 disci·

77 1472 206 1534 pule:
238 1472 284 1516 in
303 1470 452 1517 ceteris
472 1470 747 1515 nominativo
771 1466 919 1513 similis
938 1466 1015 1523 fit,
1050 1485 1099 1515 ut
1120 1464 1278 1525 ahma,
1313 1470 1508 1532 spiritus.
1576 1467 1650 1515 Est
1668 1483 1837 1524 tamen,
1868 1466 1947 1513 ubi
1978 1482 2066 1513 tam
2097 1468 2141 1512 in
2160 1467 2304 1513 nomi·

78 1537 208 1586 nibus
230 1534 522 1593 substantivis,
561 1551 694 1595 quam
729 1530 952 1581 adiefflvis
979 1552 1003 1582 s
1030 1533 1155 1581 finale
1188 1537 1449 1595 retineatur,
1484 1536 1551 1583 vel
1580 1537 1731 1596 potius
1759 1532 1837 1580 ubi
1864 1534 2159 1579 nominativus
2180 1531 2304 1580 casus

75 1621 163 1667 pro
193 1604 393 1652 vocativo
424 1617 640 1664 ponatur,
674 1617 713 1649 e.
745 1617 786 1662 g.
821 1600 962 1650 Hails
998 1597 1231 1651 Thiua'ans
1256 1603 1425 1668 iudaje,
1461 1602 1570 1650 salve
1597 1619 1670 1647 rex
1690 1599 1958 1647 Iudaeorum.
1995 1595 2110 1665 Jolz.
2143 1613 2220 1655 19,
2253 1613 2300 1660 3.

76 1669 231 1722 Ahma
251 1666 330 1718 thu
351 1665 634 1730 unrodjands
643 1665 731 1729 jalz
753 1665 941 1723 haum,
976 1666 1154 1730 spiritus
1179 1685 1299 1716 mute
1321 1670 1362 1716 ἃ
1381 1667 1523 1718 surde.
1554 1665 1648 1715 Cfr.
1682 1667 1840 1716 Marc.
1866 1679 1942 1725 15,
1965 1681 2045 1728 34.
2102 1667 2303 1713 Utuntur

75 1737 228 1786 eadem
250 1736 422 1782 licentia
443 1734 564 1780 latini
584 1731 831 1795 scriptore&
901 1732 1105 1799 Petfius:
1145 1735 1243 1786 Vos
1266 1753 1290 1784 o
1311 1740 1535 1800 patritius
1541 1734 1753 1800 fimguis.
1823 1732 2091 1797 Virgilius:
2122 1731 2303 1780 Proiice

76 1805 166 1852 tela
184 1819 320 1851 manu
333 1798 527 1866 fimguis
547 1815 684 1849 meus.
752 1802 809 1847 Et
828 1801 915 1848 hoc
933 1801 985 1848 de
1004 1805 1206 1850 vocativo
1235 1801 1333 1849 casu
1356 1799 1487 1850 semel
1506 1799 1650 1850 dixiffe
1676 1796 1879 1857 sufficiat,
1909 1814 1963 1844 ne
1984 1814 2034 1845 ex
2053 1795 2303 1846 comestura

76 1886 181 1919 eum
199 1868 365 1930 ubique
392 1865 691 1929 suppleamuS.

1097 1961 1139 2017 §0
1208 1961 1290 2009 lv.

207 2042 530 2091 Decl‘inationes
559 2041 628 2089 vel
653 2040 853 2090 flexionis
881 2043 1007 2091 modi
1037 2046 1082 2091 in
1112 2046 1259 2109 lingua
1278 2043 1599 2108 Mcesogothica
1630 2040 1782 2090 diversi
1809 2040 1927 2092 suntt
1960 2040 2036 2088 alii
2064 2041 2298 2102 regulares,

75 2113 152 2160 alii
169 2109 449 2172 irregulares:
485 2110 567 2156 hos
587 2108 790 2171 deinceps
811 2108 961 2158 sumus
979 2112 1206 2170 tradituri,
1242 2114 1294 2160 de
1316 2113 1402 2159 illis
1423 2111 1533 2173 quid
1558 2110 1796 2158 tenendum
1813 2108 1883 2167 fit,
1911 2109 2065 2170 paucis
2084 2107 2299 2158 dicemus.

1090 2197 1135 2264 ς.
1206 2202 1272 2250 v.

211 2281 278 2337 G.
297 2283 526 2350 Hickcfius
550 2283 892 2332 declinationum
913 2283 1126 2334 schemata
1148 2286 1402 2348 quindecim
1431 2282 1626 2339 exhibet,
1661 2280 1735 2329 sed
1766 2283 1838 2329 illa
1859 2299 1948 2329 non
1975 2297 2128 2329 manca
2150 2274 2298 2338 solum

73 2355 140 2414 ὅτ,
174 2367 312 2416 prout
328 2350 411 2399 sese
431 2352 598 2398 calamo
620 2350 841 2409 obtulere,
875 2352 1038 2412 absque
1060 2354 1216 2401 ordine
1236 2352 1449 2416 disposita,
1479 2349 1550 2408 sed
1574 2350 1705 2396 etiam
1728 2348 1842 2395 nulla
1861 2349 2031 2410 generis
2058 2349 2297 2406 nominum

74 2421 222 2469 habita
249 2420 439 2475 ratione,
475 2418 596 2478 quod
625 2433 770 2464 tamen
803 2420 881 2478 qni
911 2419 1114 2481 negligit,
1147 2419 1375 2481 solamque
1403 2434 1563 2465 vocum
1592 2416 1946 2464 terminationem
1972 2412 2170 2477 respicit,
2204 2431 2298 2462 non

72 2485 213 2551 potest
234 2502 323 2532 non
343 2485 509 2544 ubique
529 2486 795 2546 impingere.
865 2487 976 2531 Rem
998 2488 1130 2533 unico
1151 2487 1351 2548 exemplo
1370 2483 1612 2533 illustrabo.
1682 2482 1831 2533 δίαιτα
1848 2481 1970 2542 apud
1989 2479 2297 2541 Moesogothos

72 2555 293 2616 geminam
314 2550 671 2612 significationem
690 2549 843 2596 habet:
881 2551 1059 2599 denotat
1092 2555 1209 2599 enim
1242 2554 1429 2600 iudicem
1459 2551 1664 2598 &etiam
1689 2549 1929 2595 iudicium:
1963 2547 2202 2606 utrobique
2229 2563 2296 2600 ea?

73 2621 177 2669 dem
199 2618 257 2667 est
274 2618 545 2676 terminatio,
578 2615 748 2664 sed-ubi
771 2617 963 2664 iudicem
985 2624 1106 2667 notat
1127 2617 1419 2667 masculinum
1440 2616 1524 2674 est,
1558 2616 1600 2662 ἃ
1618 2615 1806 2678 proinde
1824 2614 1911 2661 hoc
1929 2614 2068 2662 modo
2089 2610 2294 2667 flessiitur.

652 2682 777 2743 Sing.
1496 2684 1620 2731 Plur.

518 2749 661 2797 Nom.
730 2748 888 2799 Stoica.
1351 2747 1508 2803 Nom.
1578 2748 1800 2799 Staumzs.

520 2816 636 2863 Gen.
733 2814 941 2870 Staui'm.
1362 2821 1475 2869 Gen,
1577 2814 1790 2864 Stauane.

520 2882 626 2930 Dat.
740 2882 924 2935 stanin.
972 2877 979 2886 '
1362 2887 1466 2932 Dat.
1577 2882 1793 2934 Stauam,

510 2945 664 2999 Aecus.
723 2946 920 2999 Stauan.
1350 2948 1500 3003 Aecus,
1572 2948 1784 2999 Statium.

2214 3013 2294 3064 Ast
