2473 3380
507 137 729 191 INTER
763 118 1295 195 MoEsoGOTHos
1337 143 1851 202 REPERIUNDIS.
2190 168 2285 219 147

62 251 270 313 *exemplo
292 248 524 313 defungar,
562 251 681 312 quod
705 254 846 300 Graeci
867 261 937 309 ἐγῶ
963 263 1034 314 εἰμὶ
1063 254 1234 317 dicunt,
1268 258 1391 304 Sueci
1407 259 1490 325 jag
1516 261 1577 306 ἄν
1595 258 1806 317 efferunt,
1842 263 1887 308 in
1915 280 2006 322 quo
2036 265 2146 311 nihil
2166 269 2286 326 quod

69 318 397 365 Hellenismum
430 316 588 379 sapiat,
619 321 769 381 primo
798 322 959 367 intuitu
989 318 1199 369 offendis:
1235 322 1436 385 agnosces
1463 341 1631 384 autem,
1664 326 1696 374 fi
1723 343 1886 375 veteres
1912 331 2088 377 Gothos
2113 333 2287 381 hodier-

68 396 237 444 nosque
256 385 452 430 Islandos
471 401 525 450 eg
543 401 609 432 em
630 385 819 433 dicentes
839 387 1003 436 audias·

269 454 403 497 Hisce
423 453 478 496 ita
499 451 662 513 positis,
688 449 815 500 facile
837 454 1218 515 deprehendimus,
1245 458 1414 504 mirum
1432 474 1521 503 non
1542 456 1636 516 effe,
1666 457 1712 518 fi,
1746 461 1820 521 qui
1843 461 1888 507 in
1908 462 2099 523 origines
2121 465 2282 527 lingua-

65 532 164 563 rum
195 517 444 576 inquirunt,
482 520 732 565 innumeras
760 519 1012 566 nostrorum
1040 521 1358 567 vocabulorum
1387 524 1553 571 radices
1580 527 1625 571 in
1654 528 1702 572 L.
1723 528 1896 585 Graeca,
1928 543 2083 591 utpote
2103 530 2282 580 sollicite

65 583 228 629 exculta
248 584 290 629 ἃ
310 601 466 645 magna
486 583 751 646 scriptorum
773 588 901 647 copia
920 584 1176 644 conservata,
1211 588 1556 652 deprehendant:
1592 590 1663 638 sed
1683 594 1795 639 mihi
1823 592 2002 641 viciffim
2020 597 2113 644 dari
2134 600 2281 661 velim,

63 648 215 705 nobis,
252 667 386 709 quam
408 651 518 697 olim
538 651 746 710 Platoni,
778 651 1005 699 absurdius
1025 653 1160 698 videri
1181 670 1270 698 non
1290 654 1468 712 debere,
1503 654 1531 700 si
1554 658 1791 706 Gothicam
1812 661 2006 721 linguam
2025 666 2162 711 varias
2181 668 2280 713 reti-

61 713 196 761 nuiffe
225 717 387 764 radices
416 718 632 775 dicamus,
667 735 854 778 quarum
881 717 1036 763 Hellas
1057 718 1191 764 oblita
1213 718 1294 777 est,
1330 737 1606 781 quarumque
1639 724 1826 772 derivata
1861 726 1922 772 ibi
1949 744 2105 780 extant.
2175 735 2279 780 Hoc

60 797 166 828 vero
189 800 331 843 quum
349 785 529 830 eruditis
548 784 727 831 auribus
747 781 861 830 forte
879 782 1133 830 insolentius
1153 783 1216 841 fit,
1251 802 1343 831 uno
1363 786 1553 833 alterove
1572 792 1773 851 exemplo
1794 794 2135 853 comprobatum
2157 798 2248 848 ibo.

268 854 415 897 Naves
436 851 553 912 apud
573 852 751 896 Graecos
770 867 856 911 pro
875 848 1044 896 diverso
1064 867 1291 897 remorum
1315 869 1503 899 numero
1523 855 1798 914 vocabantur¹
1839 875 1878 906 e.
1899 875 1938 918 g.
1966 865 2119 922 τςωῖςης,
2148 867 2276 912 trire-

58 916 158 972 mis,
193 922 371 978 πιντῆςης,
403 919 747 976 quinqueremis,
786 920 922 977 ὲξῆςης,
950 933 1045 975 quae
1066 914 1165 962 seno
1185 934 1410 964 remorum
1433 919 1587 965 ordine
1607 921 1829 980 agebatur.
1878 925 2103 972 Interdum
2123 955 2140 979 n
2167 931 2278 979 illud

59 983 105 1027 in
132 999 156 1031 o
184 982 538 1038 convertebatur,
569 997 618 1027 ut
663 987 847 1042 εἰκόσορος,
887 985 1005 1028 navis
1033 999 1129 1042 quae
1148 984 1303 1045 viginti
1323 1001 1549 1032 remorum
1577 988 1733 1033 ordine
1761 989 2083 1050 impellebatur.
2152 998 2275 1043 Lexi-

58 1048 272 1110 cographi
291 1048 379 1093 haec
397 1050 546 1094 omnia
566 1048 759 1093 derivant
777 1045 829 1091 ab
856 1053 1006 1108 ἐξέπιε,
1031 1051 1226 1111 remigo,
1262 1067 1401 1110 quum
1431 1067 1575 1098 tamen
1604 1050 1732 1100 facile
1757 1071 1921 1116 pateat,
1956 1057 2131 1105 ultimas
2151 1058 2273 1125 sylla-

55 1113 132 1161 bas
154 1129 438 1174 augmentum
461 1112 556 1170 esse,
570 1111 880 1174 simpliciori&
900 1113 1077 1160 radicali
1098 1118 1195 1162 voci
1215 1115 1562 1177 superadditum.
1600 1121 1836 1169 Henricus
1854 1119 2124 1187 Stephanus,
2139 1144 2272 1187 quem

0 1209 24 1233 ·.
50 1193 158 1227 raro
177 1178 249 1226 sua
268 1181 378 1226 acies
399 1179 609 1237 destituit,
645 1178 886 1241 suspicatur
903 1181 1117 1240 proinde,
1153 1182 1198 1228 id
1223 1183 1345 1243 quod
1363 1200 1429 1229 res
1448 1183 1529 1242 est,
1562 1182 1688 1233 fuiffe
1716 1187 1930 1247 aliquam,
1974 1207 2071 1249 quae
2097 1211 2275 1243 remum

52 1245 375 1308 fignificaverit,
407 1247 523 1292 unde
561 1243 751 1292 formata
789 1244 869 1291 smt
903 1261 991 1291 tam
1022 1247 1115 1303 illa,
1150 1266 1248 1309 quae
1276 1250 1422 1303 attuli,
1459 1267 1591 1309 quam
1629 1263 1763 1311 igine,
1803 1272 1970 1312 remex,
2006 1265 2167 1317 ὲςετμδς,
2205 1278 2270 1307 re-

52 1329 167 1372 mm,
188 1313 270 1361 διε.
328 1317 428 1359 Nos
449 1330 569 1370 eam,
603 1327 678 1358 aut
698 1313 838 1358 eidem
860 1328 1086 1373 cognatam
1108 1330 1233 1369 certe,
1269 1315 1562 1375 custodimus,
1598 1320 1672 1376 qui
1696 1319 1938 1377 palmulam
1967 1335 2033 1379 ἅν,
2071 1337 2165 1382 ἄνα,
2197 1344 2269 1389 ap-

54 1381 293 1442 pellamuS,
328 1379 395 1426 Isl.
418 1395 519 1436 aar,
540 1377 767 1439 Anglosax.
795 1393 876 1432 ar,
910 1379 1049 1438 Angl.
1070 1395 1178 1436 oar,
1214 1384 1336 1426 Fenn
1368 1385 1486 1429 airo.
1555 1384 1625 1429 Ab
1655 1382 1741 1428 hoc
1763 1395 1816 1432 ἅν
1844 1388 2055 1434 habemus
2075 1389 2270 1451 sexdrd,

47 1447 176 1506 ‘quod
207 1443 499 1502 formatione,
534 1444 644 1490 sono
673 1445 715 1489 ὅ(
743 1441 1213 1506 fignificatuexprimit
1244 1448 1450 1493 Graecum
1480 1454 1606 1510 ἑξήρης.
1672 1449 1773 1497 Lex
1794 1452 2001 1511 Scdnica,
2036 1456 2133 1506 Lib,
2158 1465 2201 1516 8,
2225 1476 2268 1508 Ι.

50 1515 102 1562 ir
120 1509 211 1560 han
229 1514 246 1560 i
251 1510 372 1579 skip
374 1511 630 1577 fiaxdrab,
650 1508 794 1559 »takae
797 1508 849 1573 s
844 1507 1100 1575 kipsfarm,
1136 1512 1166 1559 fi
1185 1513 1370 1559 vehatur
1390 1514 1435 1558 in
1460 1517 1558 1559 navi
1587 1522 1704 1577 ἑξῆςει,
1731 1515 1922 1577 auferat,
1960 1537 2174 1580 quantum
2202 1543 2267 1572 ve-

51 1581 157 1628 here
175 1577 320 1641 possit,
391 1579 639 1644 Siudrings
658 1577 740 1635 licit,
772 1578 891 1623 navis
912 1575 1169 1638 septiremis‚
1204 1581 1457 1626 nominatur
1474 1582 1519 1626 in
1539 1581 1649 1642 Leg.
1678 1583 1902 1653 Wstrog‚
1928 1588 2066 1636 Forn.
2088 1591 2138 1636 Β.
2161 1606 2195 1640 ε,
2221 1606 2265 1642 1.

49 1649 121 1694 Sic
146 1646 267 1706 quod
291 1648 434 1693 G'raeci
462 1649 569 1700 γέλω
595 1645 776 1692 &latini
797 1644 876 1701 lac,
905 1642 951 1689 id
971 1644 1091 1691 orbis
1113 1646 1340 1709 Scythicus
1360 1645 1497 1708 mjelk
1516 1648 1728 1708 appellat:
1761 1651 1903 1701 Alem.
1925 1653 2075 1711 milch,
2106 1657 2268 1718 Anglo-

52 1711 134 1762 fax.
164 1713 320 1770 meolc,
353 1712 498 1763 Sclaw.
519 1710 676 1769 mliko,
697 1711 737 1758 ἃ
757 1709 810 1756 fic
837 1727 992 1771 porro.
1062 1712 1293 1758 Habemus
1322 1713 1423 1759 inde
1451 1714 1634 1775 mjfflka,
1669 1717 1792 1774 quod
1811 1716 1869 1763 est
1889 1719 1952 1766 lac
1971 1720 2181 1768 uberibus
2202 1741 2267 1771 ex-

49 1780 244 1837 trahere,
279 1781 456 1839 antique
483 1780 644 1827 mulca.
685 1780 804 1827 Lex.
839 1773 1000 1826 Gotlzl.
1030 1794 1065 1828 c.
1087 1793 1110 1840 3
1122 1786 1166 1840 3,
1221 1779 1292 1827 Isl.
1322 1780 1492 1839 mylca,
1535 1780 1833 1841 Anglosaxon.
1861 1788 2075 1835 mealcan.
2121 1791 2265 1837 Latini

49 1848 249 1914 mulgere
269 1847 418 1893 dicunt
436 1845 477 1892 ἃ
497 1846 642 1891 Graeci
676 1850 870 1903 οῐμέλγιη,
908 1846 1000 1890 veri
1022 1860 1165 1891 tamen
1184 1846 1226 1892 ἃ
1244 1846 1426 1892 Gothici
1447 1849 1585 1909 etymi
1608 1865 1818 1909 expertes,
1888 1855 2077 1900 Pertinet
2095 1856 2266 1915 eodem,

51 1915 175 1976 quod
207 1913 410 1963 Galenus
437 1912 479 1959 ἃ
514 1913 809 1959 recentiorum
850 1910 1113 1957 Graecorum
1155 1913 1355 1958 nonnulli
1403 1930 1757 1961 commemorant
1778 1953 1787 1971 ,
1828 1930 1948 1977 ,agam
1989 1923 2269 1970 nominatum

48 1979 176 2029 fuiss'e
204 1983 302 2038 δ’ψέ.
330 2005 365 2027 τι
399 1983 462 2026 διοὲ
488 1983 700 2035 γέλωτος,
733 1975 927 2022 edulium
949 1975 1057 2024 lacte
1075 1977 1293 2037 constans,
1338 1980 1460 2040 quod
1485 1982 1696 2028 Romanis
1727 1983 1949 2045 tribuunt,
1994 1984 2066 2034 sed
2092 1989 2266 2052 Scythis

49 2051 355 2103 γωλωκτοφοῖγοις
382 2039 566 2088 fortaffis
596 2040 755 2088 refflus
778 2038 1037 2091 tribuissent.

250 2107 420 2155 Poffem
441 2110 661 2169 ingentem
681 2107 925 2171 istiusmodi
945 2111 1169 2172 originum
1189 2108 1353 2175 sylvam
1376 2111 1477 2159 dare
1494 2152 1504 2172 ,
1536 2111 1605 2159 sed
1635 2132 1772 2174 quum
1804 2117 1847 2163 id
1867 2118 1911 2164 in
1929 2117 2152 2180 praelentia
2174 2138 2264 2168 non

52 2191 200 2241 agam,
229 2177 359 2222 unius
390 2190 558 2221 tantum
586 2174 730 2220 adhuc
754 2172 1134 2223 observatiunculae
1160 2180 1330 2224 veniam
1359 2193 1522 2238 petam.
1589 2183 1839 2240 Tragoediae
1867 2184 1908 2230 δι
1927 2186 2166 2232 Comcediae
2185 2205 2266 2246 pet·

47 2240 480 2290 universum'orbem
512 2243 782 2302 Europaeum
812 2256 913 2288 nota
945 2245 1123 2289 nomina
1152 2241 1272 2300 sunt,
1304 2242 1376 2289 sed
1399 2245 1617 2289 undenam
1639 2246 1709 2291 illa
1728 2263 1939 2307 prognata
1957 2249 2058 2307 sint,
2094 2251 2265 2298 diverfi-

52 2309 184 2355 mode
212 2309 411 2357 traditur.
479 2308 767 2368 Tragoediam
797 2308 853 2354 ita
877 2309 964 2355 dici
991 2309 1044 2354 ab
1070 2310 1196 2355 hirco
1227 2310 1301 2368 qui
1332 2307 1488 2356 victori
1516 2313 1749 2371 praemium
1780 2311 1914 2370 cessit,
1949 2315 2048 2361 inde
2071 2335 2096 2363 a
2114 2320 2266 2378 pueris

53 2375 181 2422 nobis
201 2376 325 2433 tradi,
361 2373 624 2430 audivimus,
658 2374 700 2420 ἃ
722 2374 893 2421 credere
915 2377 1139 2437 oportuit,
1170 2374 1333 2421 etiamsi
1352 2377 1464 2423 ratio
1491 2377 1564 2422 illa
1586 2378 1709 2424 nullo
1727 2378 1887 2426 idoneo
1913 2378 2088 2429 aufi'core
2109 2384 2263 2430 tradita

53 2440 114 2488 sit.
184 2445 222 2486 A
261 2445 384 2502 τςῦγες
422 2441 468 2489 h.
489 2458 526 2487 e.
546 2437 747 2497 faecibus,
782 2440 943 2501 quibus
973 2459 1050 2488 ora
1081 2440 1248 2488 aRores
1267 2441 1559 2504 perliniebant,
1592 2445 1808 2505 tragoedos
1829 2464 2104 2508 nuncupatos
2123 2446 2264 2506 fuisse,

53 2508 126 2554 alii
154 2507 332 2563 docent}
364 2504 434 2553 sed
462 2524 609 2554 revera
633 2505 794 2555 ‘insulsa
821 2507 916 2554 haec
945 2505 1044 2555 sunt
1069 2508 1111 2555 &
1136 2506 1377 2558 faeculenta.
1446 2510 1574 2556 Plane
1600 2527 1704 2557 vero
1723 2510 1923 2559 affentior
1946 2514 2148 2582 Georgio
2168 2516 2263 2565 An·

52 2571 278 2637 (imfimo,
313 2575 436 2618 cuius
463 2573 591 2620 verba
611 2571 855 2622 afferuntur
876 2576 922 2621 in
948 2573 1088 2642 Effay
1107 2573 1246 2639 oftlze
1265 2576 1540 2641 Antiqzeities
1559 2574 1617 2639 of
1628 2577 1776 2626 Great
1795 2579 2000 2638 Britain,
2032 2584 2093 2635 ita
2113 2600 2157 2644 p,
2182 2597 2265 2642 27.

54 2639 292 2687 disserenti:
329 2639 360 2686 Ι
377 2654 458 2686 can
479 2655 534 2686 no
553 2655 675 2694 more
694 2641 869 2696 believe,
904 2641 1006 2691 that
1033 2642 1244 2709 Tragedy
1262 2641 1346 2690 did
1365 2644 1793 2713 originallyfigm'fy
1809 2663 1838 2693 a
1858 2647 1981 2714 Song
1999 2646 2057 2710 of
2069 2665 2099 2697 a
2123 2649 2264 2705 Gom,

54 2705 166 2756 than
185 2705 286 2754 that
306 2708 341 2754 it
355 2705 548 2772 fignifies
566 2721 594 2752 a
619 2706 668 2754 T
658 2708 726 2754 ule
746 2704 838 2769 osa
865 2707 975 2766 Tul,
1008 2725 1063 2757 or
1086 2709 1187 2758 that
1210 2709 1603 2777 Comedyfignifies
1625 2728 1653 2758 a
1678 2712 1802 2777 Song
1821 2710 1881 2775 of
1886 2729 1916 2761 a
1938 2715 2124 2780 village,
2152 2713 2265 2764 than

55 2773 154 2823 that
174 2777 210 2822 it
212 2773 420 2839 fignifies
439 2789 468 2819 a
495 2773 634 2840 Story
651 2770 710 2835 of
724 2790 752 2821 a
774 2771 889 2823 Cock
909 2776 1006 2823 and
1017 2793 1045 2823 a
1063 2777 1186 2826 Bull.
1249 2777 1308 2824 In
1326 2774 1417 2824 tlz'is
1435 2781 1449 2824 i
1464 2782 1568 2842 give
1588 2779 1694 2826 M:r
1711 2779 1950 2828 Malcolme
1973 2780 2147 2838 Credit,
2169 2782 2264 2831 who

53 2841 206 2890 makes
230 2837 442 2906 Tragedy
461 2842 508 2887 in
527 2835 598 2885 tlte
622 2838 790 2889 Celtick
808 2840 1063 2908 Language
1087 2859 1116 2892 a
1147 2844 1274 2907 Song
1294 2841 1567 2906 ofSorroiv,
1597 2843 1695 2891 and
1720 2842 1910 2913 Comedy
1934 2845 2266 2916 antithetically

54 2906 313 2976 coyfidered,
348 2908 457 2972 must
459 2898 638 2973 figmfy
657 2922 685 2955 a
707 2904 827 2972 Song
843 2904 1082 2969 ofMirtlz.
1151 2909 1306 2955 Sensus
1332 2908 1407 2966 est,
1442 2925 1562 2969 :eque
1583 2908 1815 2976 absurdum
1836 2911 1914 2974 ipfi
1932 2913 2085 2974 videri,
2117 2914 2147 2961 fi
2168 2920 2266 2974 quis

1154 2978 1201 3021 T
1236 2988 1266 3023 2
1467 3023 1471 3025 ,
1727 3011 1729 3013 -
2116 2997 2176 3027 tra
2183 2999 2266 3042 goe·
