2473 3380
919 133 1533 188 PRAEFATIO.
2252 155 2318 202 99

117 244 333 308 speratam
360 239 532 306 magis,
576 257 630 290 eo
668 241 859 303 proinde
890 240 1141 293 solidiorem
1183 248 1302 310 apud
1327 248 1522 296 eruditos
1550 246 1733 309 gratiam
1764 247 1863 295 iniit
1888 249 1957 295 vir
1981 250 2242 298 reverendus
2272 252 2316 299 δε

117 309 568 375 Guelferbytanorum
588 308 952 368 Archidiaconus,
988 314 1121 365 Dom.
1156 315 1426 364 Franciscus
1450 314 1680 365 Antonius
1707 314 1911 371 Km'ttel,
1946 317 2022 375 qui
2051 334 2073 362 e
2093 316 2312 365 diuturnis

114 378 304 425 tenebris
323 377 538 440 protraxit
556 374 767 422 nonnulla
794 376 925 423 huius
948 377 1151 426 versionis
1170 377 1436 442 fragmenta,
1472 382 1737 429 continentia
1763 380 1932 440 aliquot
1960 384 2189 442 pericopas
2218 386 2310 445 epi-

110 442 227 490 stolae
249 444 387 493 Pauli
404 443 458 489 ad
478 445 716 488 Romanos.
785 442 1058 492 Delituerant
1085 445 1156 492 illa
1185 446 1263 493 diu
1292 450 1337 493 in
1369 447 1638 494 Bibliotheca
1667 446 2077 510 Guelpherbytana‚
2112 445 2183 494 seu
2206 452 2310 510 quia

110 508 165 556 fic
186 511 231 556 in
250 506 349 557 fatis
368 524 477 565 erat,
515 507 596 555 five
623 508 745 568 quod
768 510 956 565 nemini,
1003 514 1083 570 qui
1102 511 1191 558 haec
1209 511 1350 559 studia
1376 510 1577 569 fovebat,
1606 510 1704 559 satis
1724 513 1777 559 ad
1805 513 1916 560 hanc
1936 514 2211 574 provinciam
2237 532 2307 562 or·

109 576 299 623 nandam
318 578 397 623 otii
416 591 520 623 erat.
592 577 673 620 Vir
691 591 794 622 vero
823 575 959 621 modo
988 576 1179 624 laudatus
1205 576 1363 624 nostris
1389 581 1502 624 votis
1530 579 1646 625 ultro
1674 578 1852 626 obviam
1883 581 1983 636 ivit,
2017 576 2306 642 spartamqne,

109 658 201 688 non
221 659 312 689 uno
331 643 510 689 nomine
529 639 782 698 onerosam,
818 643 862 686 in
889 638 930 687 se
958 640 1157 704 suscepit.
1228 646 1349 689 Nam
1369 646 1432 690 uti
1452 644 1653 691 Gothicae
1680 645 1924 692 litteraturae
1943 662 2096 707 expers
2115 662 2227 704 erat,
2262 647 2307 695 δε

105 708 242 755 codex
262 727 351 755 non
370 707 513 756 solum
532 724 644 754 canae
662 705 892 762 vetustatis,
911 704 981 754 sed
1009 707 1052 753 ἃ
1078 706 1327 769 rescriptus,
1347 708 1458 772 (hoc
1484 708 1566 766 est,
1601 711 1672 755 cui
1686 745 1696 765 ,
1731 726 1780 757 ut
1799 710 1959 758 chartae
1980 713 2304 774 compendium

105 770 265 822 faceret
286 775 520 841 librarius,
548 775 763 822 recentius
791 771 910 818 alind
938 770 1148 834 scriptum
1176 773 1393 837 illeverat)
1421 777 1478 821 ita
1503 791 1602 821 cum
1624 776 1769 836 lingua
1798 776 1840 822 ἃ
1860 774 2129 838 fugientibus
2149 778 2304 827 litteris

103 838 232 887 fimul
249 857 465 889 certamen
483 841 653 889 habuit.
720 839 772 885 Id
793 855 896 884 vero
915 839 962 884 in
981 840 1155 887 laudem
1183 838 1373 888 auEioris
1400 840 1572 902 publice
1591 841 1860 901 praedicabo,
1894 845 2131 899 maiorem,
2167 862 2301 905 quam

103 905 266 968 sperari
288 924 479 969 poterat,
510 904 764 954 industriam
783 921 884 952 eum
910 904 1173 964 adhibuisse,
1218 909 1274 953 ira
1303 923 1352 954 ut
1380 921 1627 953 contextum
1659 907 1900 953 verborum
1929 905 2113 954 feliciter
2131 912 2303 960 extrica-

103 975 236 1032 verit‚
269 973 297 1021 fi
317 992 339 1021 a
359 974 584 1021 nonnullis
605 972 712 1018 locis
732 969 989 1025 discesseris,
1023 989 1120 1032 quae
1138 973 1335 1019 ulteriori
1363 973 1565 1034 indagine
1596 972 1708 1018 mihi
1737 973 1931 1034 indigere
1950 972 2034 1019 visa
2056 972 2169 1023 sunt.
2237 980 2300 1025 Ea

103 1055 252 1086 autem
272 1058 324 1086 ne
349 1039 582 1097 leaorem,
623 1038 787 1083 horum
822 1036 1067 1085 studiorum
1096 1056 1188 1085 non
1216 1036 1507 1097 incuriosum,
1541 1040 1833 1100 praeterirent,
1862 1038 1905 1086 ἃ
1929 1038 2055 1086 fimul
2080 1055 2127 1086 ut
2155 1040 2298 1089 lucem

99 1105 293 1164 aliquam
324 1103 515 1167 pretioso
541 1105 646 1150 huic
680 1100 935 1165 fragmento,
954 1105 1160 1152 adderem
1185 1138 1198 1160 ‚
1243 1103 1367 1153 suasu
1395 1107 1641 1153 amicorum
1669 1122 1909 1166 meorum,
1961 1107 2040 1166 qui
2065 1105 2152 1154 hoc
2176 1124 2198 1153 a
2226 1125 2298 1156 me

98 1168 412 1232 efflagitarunt,
447 1170 724 1217 eruditorum
746 1173 934 1217 examini
965 1171 1160 1219 ulteriori
1190 1172 1281 1218 haec
1308 1173 1625 1233 qualiacunque
1651 1169 1859 1228 subdere,
1890 1189 1994 1218 cum
2024 1173 2173 1219 animo
2193 1190 2296 1222 meo

97 1235 321 1285 constitui:
365 1255 455 1284 non
475 1238 607 1297 Pquod
636 1237 841 1298 pulcrum
869 1238 997 1294 duxi,
1040 1240 1394 1298 quamplurimos
1423 1240 1469 1284 in
1501 1238 1715 1287 Knittelii
1738 1236 1888 1284 labore
1916 1255 2058 1285 naevos
2087 1241 2295 1297 invenire,

95 1301 170 1350 sed
197 1322 224 1364 q
261 1306 300 1351 ‘a
328 1304 533 1351 nonnihil
563 1305 676 1349 mihi
702 1301 815 1349 visus
840 1321 960 1350 eram
991 1303 1357 1361 animadvertisse,
1408 1304 1530 1364 quod
1559 1305 1701 1351 lucem
1729 1303 1887 1364 linguae
1915 1304 2047 1360 huic,
2091 1306 2292 1367 plurium

96 1371 187 1416 iam
207 1385 231 1416 v
280 1372 446 1417 entium
468 1387 556 1416 non
575 1368 813 1415 inficiandae
832 1372 986 1425 matri,
1016 1369 1239 1418 effundere
1268 1369 1451 1431 poffent,
1521 1368 1702 1430 Insuper
1721 1368 1855 1416 nostri
1883 1369 2002 1416 orbis
2022 1371 2202 1418 eruditis
2228 1373 2291 1419 in-

91 1452 266 1497 gratum
287 1454 374 1483 non
394 1434 492 1483 fore
513 1435 771 1491 arbitrabar,
807 1435 860 1492 fi,
893 1438 968 1496 qui
991 1437 1202 1484 Codicem
1229 1436 1507 1497 Argenteum
1534 1435 1734 1482 manibus
1763 1450 1927 1493 terunt,
1958 1435 2067 1482 hanc
2086 1450 2293 1498 tanquam

93 1500 336 1548 mantissam
358 1501 435 1564 ipfi
451 1502 688 1563 adiungere
710 1518 890 1561 queant,
925 1501 1082 1549 demtis
1100 1502 1208 1561 illis,
1243 1520 1340 1563 quae
1372 1505 1416 1548 in
1434 1502 1625 1549 editione
1644 1500 1927 1550 lsnitteliana
1948 1519 1972 1548 a
1988 1502 2178 1550 Gothica
2199 1504 2291 1551 lite-

90 1583 240 1616 ratura
255 1569 392 1615 aliena
412 1566 526 1617 sunt.
596 1569 770 1616 Faciam
791 1586 893 1616 vero
913 1569 958 1615 id
980 1587 1027 1616 ea
1046 1569 1278 1626 modestia,
1313 1585 1409 1628 quae
1426 1585 1498 1615 me
1520 1569 1660 1622 decet,
1693 1568 1736 1615 ὅ(
1758 1564 1928 1614 lenitate
1947 1570 2121 1627 maiori,
2155 1586 2291 1630 quam

91 1635 213 1681 illius
233 1652 333 1697 erga
353 1636 416 1681 nil
433 1637 516 1683 tale
536 1632 848 1697 exspeUtantem
883 1636 1139 1696 inelegantes
1165 1651 1344 1683 conatus
1370 1636 1603 1696 promeriti
1632 1631 1744 1686 sunt.
1810 1637 1970 1680 Parum
1991 1636 2110 1681 enim
2132 1635 2290 1694 aberat,

93 1703 203 1761 quin
225 1703 495 1763 indignarer,
527 1702 604 1750 ubi
625 1704 668 1747 in
696 1700 952 1763 praefatione
980 1701 1260 1752 Knitteliana
1291 1704 1474 1749 relatum
1503 1701 1610 1762 legi,
1650 1717 1745 1759 me,
1786 1699 1928 1747 nescio
1960 1717 2088 1761 quas,
2121 1700 2290 1749 infidias

91 1766 304 1825 struxisse,
338 1783 388 1815 ut
407 1769 491 1816 hoc
512 1769 755 1830 palladium
777 1767 855 1830 ipsi
879 1765 1120 1832 auferrem,
1156 1772 1320 1827 immo,
1354 1783 1405 1815 ut
1433 1768 1576 1814 verbis
1605 1769 1696 1814 eius
1726 1783 1843 1826 utar,
1869 1767 2120 1832 praedarer
2135 1783 2289 1832 expe-

89 1836 290 1883 riclitato
311 1839 403 1884 e1'us
420 1833 699 1903 apographo.
767 1838 931 1895 Ignoto
954 1833 1072 1893 sane,
1107 1834 1316 1896 quorsum
1333 1836 1425 1882 haec
1441 1834 1619 1891 valeant,
1655 1848 1728 1879 aut
1747 1850 1833 1894 qua
1853 1835 2020 1880 ratione
2038 1835 2133 1880 viro
2154 1833 2290 1892 bone,

87 1900 132 1948 8(
149 1918 236 1949 non
258 1903 463 1948 omnium
481 1899 901 1964 imprudentissimo,
935 1903 979 1948 in
1000 1905 1200 1950 animum
1220 1904 1366 1949 venire
1386 1898 1613 1963 potuisset,
1642 1900 1783 1946 alieno
1803 1899 1951 1946 labore
1978 1902 2035 1946 ita
2056 1897 2147 1946 frui
2165 1901 2288 1959 velle,

87 1982 139 2014 ut
157 1965 232 2014 sua
251 1970 434 2015 crimina
462 1970 634 2016 erudito
655 1968 755 2016 orbi
782 1968 900 2015 ultro
927 1985 1031 2015 mox
1058 1967 1159 2016 esset
1182 1969 1461 2031 prodituruS.
1537 1969 1685 2013 Immo
1715 1984 1841 2022 vero,
1881 1981 1930 2012 ut
1957 1966 2135 2012 candide
2161 1966 2203 2013 ὅ(
2231 1967 2289 2013 la·

79 2035 177 2080 -tine
194 2033 371 2095 loquar,
406 2051 549 2082 eratne
570 2036 801 2097 quidpiam
822 2036 943 2096 apud
961 2034 1248 2094 Knittelium,
1282 2034 1404 2096 quod
1424 2051 1506 2096 ego
1525 2049 1675 2080 meum
1695 2029 2044 2099 facerevellem?
2078 2034 2195 2079 Scire
2215 2032 2289 2079 de·

87 2098 220 2157 beret,
254 2102 427 2161 parcius
446 2100 523 2147 ista
538 2103 669 2161 viris,
703 2102 850 2148 alienae
867 2101 1007 2148 laudis
1026 2120 1115 2150 non
1136 2103 1318 2164 indigis,
1351 2099 1430 2147 esse
1454 2100 1712 2149 obiicienda.
1779 2103 1844 2146 Ut
1861 2114 2007 2146 autem
2029 2100 2166 2146 cuivis
2185 2116 2289 2146 con·

88 2164 192 2225 stet,
223 2167 339 2213 unde
360 2168 590 2212 immeritae
614 2168 680 2212 hae
707 2168 891 2226 querelae
919 2171 1200 2227 proveniant,
1232 2184 1327 2214 rem
1356 2167 1510 2212 ordine
1538 2165 1739 2216 narrabo.
1807 2167 2066 2212 Sexennium
2096 2161 2187 2211 fere
2216 2164 2288 2222 est,

86 2247 229 2292 quum
249 2233 416 2278 amicus
433 2248 581 2287 meus,
618 2249 843 2292 nunquam
864 2231 942 2278 nifi
960 2234 1144 2281 honoris
1171 2230 1296 2279 causa
1325 2248 1349 2277 a
1374 2248 1445 2277 me
1470 2231 1788 2286 nominandus,
1819 2232 1960 2279 Dom.
1991 2228 2290 2287 Arckmbolz‚

86 2297 217 2346 Aulae
239 2295 482 2345 Cassellanae
502 2297 784 2345 Confiliarius
806 2297 1137 2356 Nobiliffi'mus,
1173 2316 1253 2362 per
1279 2298 1441 2344 litteras
1469 2296 1581 2342 mihi
1611 2295 1839 2350 indicavit,
1894 2310 2122 2356 repertum
2139 2293 2221 2341 esse
2241 2296 2290 2342 in

86 2363 358 2411 Bibliotheca
379 2360 725 2428 Guelferbytana
744 2362 1040 2425 fragmentum
1070 2364 1274 2413 versionis
1308 2358 1594 2428 Ulplzilanae‚
1627 2370 1763 2421 inque
1787 2360 1851 2407 rei
1877 2357 2011 2408 fidem
2040 2377 2128 2424 pro
2154 2358 2290 2424 speci.-

89 2431 209 2476 mine
227 2428 399 2478 versum
422 2429 558 2490 misit,
592 2430 726 2495 ipfins
745 2430 953 2482 Knittelii
973 2448 1108 2480 manu
1136 2433 1182 2479 in
1205 2431 1324 2478 hunc
1354 2429 1543 2476 modum
1569 2443 1808 2478 exaratum·

154 2541 268 2604 Alja
283 2538 422 2605 fram
445 2540 564 2607 gtha
639 2539 708 2592 ith
775 2540 851 2620 tlzq
907 2540 1050 2607 wg'fim
1150 2542 1282 2593 doma
1317 2537 1457 2606 fram
1494 2536 1625 2589 thia
1653 2535 1868 2605 gtfiztida
1894 2535 2010 2604 find
2037 2534 2124 2602 fiJa
2156 2541 2199 2587 ei
2226 2537 2287 2604 ,ῆι

153 2605 287 2654 ΝὶίῐΓ
343 2624 368 2654 a
441 2611 562 2658 Deo:
597 2625 744 2656 autem
785 2625 834 2647 *κ
873 2608 1089 2660 existentia
1133 2610 1296 2659 iudicia
1364 2625 1389 2656 a
1499 2606 1603 2657 Deo
1650 2606 1860 2654 collecata
1901 2603 2000 2652 sunt
2057 2602 2113 2653 fic
2170 2603 2202 2652 fi
2247 2602 2268 2638 ·‘

152 2673 501 2741 anfflandamds
567 2672 844 2739 valdufnija.

229 2739 420 2788 resistens
584 2739 822 2804 postestati.

288 2825 511 2893 Respondi
526 2828 677 2886 illico,
712 2828 773 2878 nil
793 2830 907 2877 mihi
933 2832 1177 2895 exoptatius
1203 2832 1376 2896 eyenire
1401 2827 1613 2894 potuisse,
1646 2823 1989 2889 quam'rescire,
2023 2822 2190 2884 aliquid
2208 2823 2290 2871 hu·

88 2896 281 2946 iusmodi
298 2896 438 2946 adhuc
454 2893 688 2960 exspestari
707 2894 852 2958 posse,
885 2898 929 2946 ἃ
945 2914 1108 2961 magno
1127 2915 1309 3014 munz-e
1328 2897 1597 2960 Knimlium
1614 2911 1758 2958 remp.
1783 2892 2037 2942 litterariam
2066 2888 2289 2938 devinGu·

1316 2979 1346 3016 2
2162 2972 2288 3016 rum,
