2473 3380
756 116 1687 176 ANNOTA‘TIQNES.
2140 133 2155 137 Ἀ
2229 135 2322 180 109

261 227 534 291 magnatibue
564 225 648 276 suis
686 232 826 279 Marc.
860 238 912 287 6,
950 243 1029 280 21.
1075 228 1272 280 hlaibam
1309 228 1787 288 thaimfibarz‘zeinam‚
1829 232 2014 291 panibus
2053 231 2320 283 hordeacei&

258 298 346 359 Joh
383 303 426 351 6,
457 313 527 357 ¹3-
563 293 708 343 tham
736 295 998 363 ahumssam
1028 298 1240 363 gudjam,
1276 297 1458 345 summis
1480 296 1786 348 sacerdotibus,
1817 299 1927 346 Luc.
1953 315 1992 355 1,
2025 311 2104 359 27.
2137 299 2323 348 *ahmam

253 365 401 410 timim
421 364 706 423 zmlnumjam
722 402 732 416 ,
769 361 991 425 spiritibus
1014 367 1254 411 immundis
1273 365 1417 413 Marc.
1446 383 1461 410 1
1481 401 1492 422 ,
1530 379 1604 426 27.
1642 365 1723 411 Sed
1744 364 1906 425 absque
1930 365 2114 411 articulo
2134 364 2320 426 legimus

252 431 573 493 unhrainjana.
611 433 718 478 Luc.
756 434 786 476 6
797 467 811 486 ,.
848 440 923 486 18.
967 430 1070 479 thai
1113 430 1456 480 anahabaidans
1484 429 1621 495 fram
1654 430 1833 479 ahmam
1873 428 2207 490 unhrainjaim,
2243 430 2321 491 qni

256 494 398 542 asteffl
420 514 539 543 erant
558 495 778 557 spiritibus
801 495 1052 544 immundis.
1122 497 1259 542 Paulo
1281 497 1505 557 operosius
1524 500 1613 545 haec
1636 498 1761 544 allata
1780 516 1867 544 non
1888 498 2017 545 credo
2038 495 2322 554 fastidientur‚

251 578 391 620 quum
430 562 634 613 mantiss'ae
664 564 762 609 loeo
801 565 966 610 traditis
995 563 1046 610 ab
1074 561 1280 628 Hzckqfio
1307 563 1348 610 ὅ(
1377 563 1487 631 Lye'o
1518 566 1697 627 adiungi
1724 563 1898 627 poffint.
2004 561 2139 613 Conf.
2180 563 2320 616 Anat.

252 628 384 694 Utplz
419 628 520 677 Diss.
543 630 595 675 de
626 629 878 680 Adiet‘tivis.
911 627 953 691 ᾗ.
979 646 1052 679 11.

117 707 473 777 Glitmzmjande.
519 712 662 761 Marc.
685 729 740 770 9,
775 728 818 775 3.
856 730 938 773 pro
968 711 1381 777 glitmunjandans.

248 782 298 830 C,
330 786 383 828 A.
415 777 574 826 reffius
603 778 1038 844 glitmunjandeins:
1080 781 1258 842 wastjos
1301 781 1419 825 enim
1463 782 1631 841 generis
1667 779 1725 828 est
1757 779 1977 836 feminini.
2043 780 2245 832 Praevidit
2272 779 2319 828 id
2332 819 2345 827 ,.

254 862 343 894 τεν.
365 848 502 894 Benz.

115 909 200 959 Du
230 911 371 960 lefkas
390 918 473 960 ain.
547 914 688 959 Marc.
722 924 799 959 ιο,
836 918 879 965 8.
915 928 999 972 pro
1029 909 1090 960 du
1115 909 1227 960 leika
1253 915 1498 960 ainamma.

246 980 297 1026 C.
321 985 370 1026 A.
400 979 529 1025 habet
548 981 603 1024 du
629 977 744 1025 lecka
767 974 927 1039 samin.
963 996 1002 1023 v.
1033 977 1251 1044 Ulplzilas
1280 979 1445 1044 illustr.

115 1056 348 1108 Thammei
377 1061 528 1125 vqsind.
576 1062 681 1106 Luc.
708 1072 786 1117 10,
822 1066 868 1110 6.
901 1060 1023 1122 (lege
1045 1076 1101 1118 9,
1142 1060 1243 1126 61.)
1276 1079 1362 1124 pro
1389 1061 1572 1113 thaimei
1599 1063 1848 1128 visandam.

240 1130 286 1172 C.
311 1131 347 1172 A
391 1128 535 1174 thaim
565 1124 702 1174 thazei
724 1126 851 1191 find,
888 1129 1011 1186 quod
1041 1131 1227 1175 omnino
1254 1128 1451 1191 probum
1474 1130 1547 1179 est.

109 1189 192 1238 Du
221 1193 313 1243 ina.
349 1196 487 1241 Marc.
528 1206 606 1244 10,
647 1207 722 1253 13.
759 1210 843 1254 pro
874 1197 1030 1243 imma.

242 1261 412 1306 Omnes
444 1260 547 1306 editi
577 1258 673 1305 heic
699 1259 861 1305 habent
885 1266 1042 1315 imma,
1080 1258 1176 1321 sed,
1213 1262 1336 1322 quod
1364 1260 1551 1319 incusat,
1585 1266 1804 1325 reperitur
1832 1268 1971 1314 Marc.
1998 1281 2078 1324 11,
2115 1281 2191 1329 33.
2226 1284 2318 1316 ma-

238 1320 396 1372 nifesto
417 1325 583 1373 librarii
604 1326 735 1382 vitio,
770 1328 845 1385 qui
872 1327 916 1371 in
937 1326 1086 1373 eadem
1108 1326 1310 1384 historia,
1346 1347 1442 1388 quae
1461 1330 1559 1376 heic
1589 1346 1809 1389 narratur,
1844 1331 1911 1379 bis
1941 1347 2063 1380 antea
2090 1334 2152 1383 du
2176 1337 2318 1385 imma

246 1391 503 1440 exarat'rerat.
539 1409 580 1439 v.
602 1408 695 1436 vers
715 1406 800 1453 27,
838 1399 912 1446 28.
946 1408 994 1437 ut
1020 1393 1100 1439 alia
1129 1394 1224 1440 loca
1252 1396 1480 1441 innumera
1509 1410 1776 1456 praeteream.

102 1455 309 1507 Kunnon,
354 1459 459 1520 joh.
493 1473 568 1510 -0,
611 1472 680 1518 14.
717 1474 801 1519 pro
837 1457 1063 1505 kunnand.

235 1526 288 1573 C.
319 1529 370 1575 A.
399 1524 528 1571 habet
556 1521 759 1572 kunnun.
796 1524 838 1570 &
866 1524 910 1569 id
942 1523 1207 1591 H·ckffano
1235 1527 1415 1575 melius:
1453 1525 1634 1578 kunnan
1664 1530 1784 1576 enim
1814 1531 1861 1576 in
1889 1530 2015 1578 tertia
2045 1529 2161 1594 pers.
2192 1531 2314 1595 plur.

239 1588 358 1653 praes,
388 1593 445 1638 ita
473 1591 617 1639 habet.
653 1609 696 1638 v.
727 1588 841 1638 infra
867 1592 1137 1654 paradigma.

101 1656 189 1708 Du
208 1661 299 1706 ina.
368 1657 515 1706 Marc.
544 1665 628 1715 16,
662 1671 710 1716 7.
744 1673 829 1718 pro
855 1657 915 1705 du
937 1675 1021 1707 :ms
1046 1660 1113 1706 vel
1132 1663 1260 1708 izvis.

237 1728 292 1773 C.
324 1730 374 1770 A.
406 1725 449 1771 ὅ(
477 1727 522 1770 B.
549 1723 709 1770 habent
740 1729 874 1778 izvis,
910 1725 1141 1786 quomodo
1171 1729 1303 1773 etiam
1339 1727 1575 1790 legendum
1608 1728 1716 1777 vidit
1746 1725 2097 1793 Maraesthallus.
2131 1748 2174 1795 p.
2199 1746 2312 1795 4410

238 1790 341 1842 Uns
368 1791 508 1838 nihilo
528 1791 681 1837 melius
701 1788 860 1840 fuiffet.
2288 1836 2290 1840 .

100 1853 340 1915 Veilzame.
410 1861 513 1912 Luc.
544 1873 597 1915 9,
633 1865 698 1904 26
731 1875 816 1919 pro
842 1856 1051 1908 veihaize.

235 1928 360 1979 QVA.
384 1925 427 1971 &
446 1928 491 1974 B.
512 1925 672 1972 habent
695 1926 903 1975 veihane:
938 1942 1172 1988 utramque
1209 1928 1566 1977 terminationem
1603 1929 1794 1980 admittit
1822 1928 1981 1993 linguae
2008 1931 2178 1992 genius·

100 1992 258 2043 Allan.
292 2010 341 2053 v2
356 1999 438 2054 48.
477 2009 561 2053 pro
589 1993 765 2042 allaim.

237 2062 291 2109 C.
315 2059 374 2106 A.
405 2059 536 2105 habet
561 2059 734 2106 allaim.
762 2062 820 2106 ita
839 2059 881 2106 ἃ
903 2062 953 2108 Β.

101 2123 323 2175 Sciname.
389 2127 492 2171 Luc*
523 2139 605 2181 ις,
641 2137 718 2173 22.
751 2143 837 2188 pro
850 2124 1064 2190 fiinaim.

235 2194 288 2240 C.
308 2195 364 2240 A.
394 2190 524 2236 habet
542 2187 747 2250 [binaim.
1024 2217 1033 2220 -

101 2254 448 2320 Andlmustidei.
518 2259 627 2304 Luc.
666 2271 743 2318 17,
780 2264 825 2307 6.
862 2274 948 2320 pro
977 2255 1341 2320 andhauseidedi.

236 2326 286 2374 C.
303 2323 365 2374 A.
383 2321 698 2387 andhausidedi
711 2361 724 2385 ‚
744 2325 803 2370 'id
828 2325 948 2385 quod
975 2325 1184 2377 usitatius.

97 2391 294 2447 Vemun.
359 2395 501 2440 Marc.
536 2406 617 2447 11,
662 2407 699 2441 ι.
733 2408 818 2453 pro
857 2387 1002 2456 velim.

231 2460 280 2505 C.
306 2457 367 2508 A.
390 2458 433 2504 ὅ(
453 2460 500 2505 Β.
525 2456 687 2505 habent
715 2454 858 2522 vqfim.

98 2525 285 2593 Dagus.
353 2527 456 2572 Luc.
486 2540 502 2570 1
525 2562 534 2576 ,
573 2532 651 2580 80.
687 2526 839 2573 ultima
856 2522 1019 2589 syllaba
1047 2541 1104 2575 us
1129 2527 1319 2588 pertinet
1342 2525 1396 2573 ad
1423 2541 1577 2573 vocem
1603 2523 1883 2593 sequentem,
1916 2527 1983 2577 uti
2011 2527 2302 2580 reste-obser-

229 2592 344 2638 vavit
361 2607 451 2638 rev.
478 2592 712 2641 Benzelius
740 2594 786 2639 in
805 2589 876 2639 sua
903 2592 1116 2641 editione:
1153 2610 1236 2642 uns
1261 2593 1357 2661 dag
1388 2593 1731 2647 ustazkmtnais.

100 2673 394 2736 Vaidedjins.
463 2677 605 2723 Marc.
637 2693 688 2724 11
707 2715 718 2733 ,
755 2689 832 2737 17.
865 2695 951 2739 pro
977 2679 1244 2742 vaidedjine.

16 2756 23 2759 “
230 2746 293 2788 Ita
311 2740 441 2787 habet
459 2743 506 2790 Β.
525 2738 599 2787 sed
618 2746 667 2790 C.
689 2748 745 2792 A.
780 2744 1065 2809 vaidedjane,
1099 2746 1223 2808 quod
1252 2746 1424 2799 melius.

99 2811 234 2859 BidO.
275 2808 320 2854 ib
367 2825 451 2869 pro
482 2806 624 2856 bdos.

232 2873 353 2926 Beda
380 2872 439 2922 est
470 2875 603 2937 genit.
630 2874 743 2938 plur.
772 2893 797 2924 a
822 2874 951 2937 bida,
992 2881 1211 2941 precatio,
1252 2894 1302 2927 ut
1328 2877 1466 2928 solent
1506 2881 1727 2945 inprimis¹
1748 2877 1961 2930 feminina
1987 2881 2035 2930 in
2063 2898 2116 2942 0,
2150 2880 2297 2931 casum

1149 2949 1192 2992 O
1229 2961 1254 3009 3
2177 2950 2294 2998 hunc
