2473 3380
289 137 396 189 DE
432 130 689 189 CODICE
720 130 1044 186 ARGENT.
1070 136 1175 189 ET
1195 132 1563 189 LITTERAT‘
1586 133 2047 195 MOESOGOTH.
2172 139 2272 201 185

61 247 256 299 lacunam
283 245 496 305 exhibeat,
531 244 602 294 sed
630 247 762 293 etiam
797 246 944 308 plures
978 246 1150 307 litterae,
1182 249 1323 297 immo
1356 249 1524 298 voculae
1550 249 1770 298 nonnullae
1795 250 1869 297 hic
1894 249 1983 298 illic
2013 250 2266 304 exciderint.

56 314 290 361 Eiusmodi
313 314 456 360 hiatus
491 314 680 361 cernitur
703 310 880 363 Matth.
913 327 1000 374 27,
1031 328 1110 374 45,
1147 332 1280 376 quem
1308 317 1519 364 editiones
1544 315 1760 384 Juniana
1785 316 1829 363 ὅ(
1862 314 2267 381 Stiernlzjelmiana

58 378 258 442 supplent
277 380 476 440 quidem,
509 377 663 427 inserta
679 396 784 427 voce
803 376 979 444 qheila:
1014 378 1085 427 sed
1115 380 1196 429 sive
1223 384 1400 445 ingenio
1429 381 1507 432 suo
1536 384 1608 431 hic
1628 401 1714 446 pro
1744 399 1870 430 more
1896 380 1974 429 suo
2006 383 2178 433 indulsit
2196 403 2266 433 ex.

57 444 265 508 scriptor,
297 447 420 492 cuius
441 462 574 508 opera
594 444 693 493 usos
711 443 837 493 fuisl'e
856 447 986 494 hosce
1007 447 1290 506 duumviros,
1326 467 1428 497 mox
1458 450 1772 509 indicabimuS,
1801 447 1885 496 sive
1909 446 2007 511 post
2035 449 2128 497 haec
2155 465 2266 499 tem-

57 529 171 574 pora
190 512 387 560 litterulae
408 512 475 558 hae
493 513 714 570 interiere,
749 512 883 559 hodie
904 528 1036 571 certe,
1070 515 1137 560 uti
1156 512 1287 561 fidem
1311 534 1490 577 quoque
1518 513 1621 565 facit
1641 518 1777 565 editio
1798 516 2094 574 Benzeliana,
2128 514 2266 579 dispa-

55 592 198 627 ruere.
267 578 501 625 Crederem
528 596 631 626 vero
652 579 765 626 illud
792 575 988 639 facilius,
1025 596 1185 639 quum,
1219 580 1249 627 si
1278 583 1427 629 codice
1457 583 1567 630 duce
1593 584 1691 632 heic
1718 581 1820 631 usus
1847 579 1992 629 fuisset
2018 582 2116 641 hic,
2152 584 2270 643 quis,

55 647 152 706 quis
170 640 280 702 fuit,
315 662 404 691 non
422 643 568 710 qlzeila
587 644 658 692 sed
678 643 840 709 qheilai
861 643 960 691 esset
980 647 1255 703 inventurus,
1290 648 1336 694 id
1357 649 1477 708 quod
1504 667 1554 695 ex
1584 651 1783 711 analogia
1808 649 1970 711 linguae
1999 664 2168 697 certum
2188 648 2266 700 est.

112 759 114 761 ,
185 712 277 775 Qi
297 712 405 778 adeo
425 712 643 774 elegantiae
669 709 885 758 studiosus
908 708 995 757 fuit
1018 711 1222 759 librarius
1241 712 1611 774 Moesogothicus,
1646 733 1743 763 eam
1769 731 1914 763 tamen
1941 714 2021 762 sibi
2047 732 2138 762 non
2161 731 2265 763 raro

51 776 224 823 veniam
240 776 383 835 dedit,
416 793 466 826 ut
484 773 694 827 wippam
712 776 960 835 transiliret,
991 793 1060 834 ut,
1103 779 1310 839 inquam,
1355 780 1428 828 hic
1456 781 1544 828 illic
1577 799 1711 830 unam
1739 783 1972 829 alteramve
1997 781 2186 829 litteram
2215 783 2264 829 in

50 844 295 903 marginem
315 843 356 891 ὅ(
375 859 534 905 praeter
550 843 740 903 reliquas
765 860 1024 905 procurrere
1051 843 1210 894 siverit.
1271 849 1471 894 'ffincertus
1499 864 1604 895 vero
1637 847 1758 909 sum,
1791 848 1891 894 idne
1917 846 1996 894 fibi
2024 845 2265 907 indulserit,

49 923 99 956 ut
119 909 274 955 chartae
294 909 608 972 compendium
630 908 817 968 faceret,
851 911 973 970 quod
993 926 1134 957 tamen
1155 913 1223 957 vix
1240 913 1484 971 crederem,
1514 930 1653 974 quum
1673 929 1812 961 cetera
1838 913 1947 960 adeo
1971 911 2194 974 splendida
2221 915 2267 962 ὅ(

50 975 105 1021 ad
124 990 328 1023 ornatum
355 974 594 1037 composita
613 974 713 1033 sint,
748 994 801 1024 an
825 993 951 1034 vero,
984 978 1104 1037 quod
1123 978 1236 1025 mihi
1255 979 1428 1026 videtur
1447 982 1536 1027 veri
1555 979 1740 1027 similius
1755 1017 1767 1038 ,
1805 980 1880 1027 alii
1899 978 2116 1039 exemplo,
2142 981 2266 1039 quod

52 1038 292 1102 exscripsit,
327 1042 435 1088 adeo
452 1039 590 1104 presse
608 1041 850 1101 adhaeserit,
884 1057 934 1089 ut
957 1046 1200 1091 accuratior
1222 1063 1354 1106 quam
1383 1048 1580 1094 ornatior
1607 1046 1688 1094 esse
1715 1046 1934 1096 maluerit.
2004 1042 2267 1093 Confirmet

50 1106 134 1154 hac
167 1110 211 1153 in
240 1109 475 1169 opinione,
525 1108 634 1155 dum
663 1109 816 1168 video,
869 1111 1247 1171 quemadmodum
1276 1113 1513 1174 aliquando
1541 1130 1632 1161 non
1659 1113 1873 1161 residuam
1899 1112 2114 1173 longioris
2141 1112 2265 1163 vocis

51 1189 185 1220 unam
205 1173 435 1221 alteramve
459 1175 660 1233 litteram,
681 1173 753 1222 sed
775 1179 960 1237 integras
980 1195 1106 1224 voces
1133 1179 1178 1224 in
1204 1181 1446 1241 marginem
1474 1197 1698 1227 excurrere
1726 1178 1853 1237 sinat,
1883 1196 1990 1240 quas
2019 1177 2154 1235 adeo,
2185 1175 2266 1225 nisi

52 1238 165 1286 hanc
183 1240 324 1301 legem
342 1240 421 1290 fibi
442 1240 676 1299 indixisset,
713 1244 757 1289 in
779 1241 1032 1303 sequentem
1052 1244 1209 1291 lineam
1232 1246 1469 1294 commode
1494 1244 1829 1309 transcripsisset.
1896 1248 1960 1293 Ita
1982 1261 2019 1294 e.
2040 1261 2081 1307 g.
2114 1261 2162 1306 p.
2179 1256 2263 1307 79.

50 1305 239 1367 legimus
260 1311 331 1356 ius
349 1308 507 1374 vopeid
520 1307 612 1356 mik
631 1309 687 1354 ita
708 1324 921 1364 erratum,
957 1325 1007 1356 ut
1023 1308 1057 1358 d
1073 1326 1186 1358 extra
1206 1313 1406 1360 ordinem
1426 1312 1477 1360 sit
1495 1312 1537 1360 &
1555 1327 1645 1360 tota
1664 1331 1749 1360 vox
1767 1315 1867 1369 mik,
1895 1311 1938 1359 ὅ(
1954 1309 2070 1378 7011.
2094 1324 2171 1372 17,
2201 1324 2265 1369 17

51 1373 152 1421 Fol.
173 1387 240 1434 94
260 1375 302 1420 in
309 1373 511 1438 framuh
536 1372 691 1423 Gotha
710 1393 799 1421 non
818 1373 878 1424 uh
899 1373 1041 1422 solum
1062 1374 1134 1423 sed
1158 1380 1286 1424 etiam
1306 1377 1485 1440 sequens
1506 1396 1670 1426 nomen
1689 1379 1778 1428 Dei
1799 1380 2041 1439 marginem
2062 1391 2266 1438 occupat.

52 1440 216 1486 Contra
226 1458 338 1499 ,vero
358 1459 459 1503 pag.
489 1457 509 1488 1
525 1455 562 1498 1,
585 1448 631 1490 6.
668 1458 716 1487 ut
733 1441 844 1488 linea
863 1440 962 1488 suos
985 1460 1194 1490 numeros
1213 1444 1414 1503 haberet,
1448 1447 1627 1494 markos
1655 1463 1737 1508 per
1763 1444 1953 1492 diaeresin
1976 1446 2034 1491 ita
2062 1442 2267 1491 scribitur

50 1505 322 1564 matzdkos,
357 1526 489 1569 quam
512 1524 664 1565 vocem
694 1506 889 1569 sequitur
913 1512 1005 1566 ize,
1037 1527 1121 1556 vox
1152 1510 1293 1558 brevis
1322 1511 1364 1558 ὅ(
1394 1513 1551 1559 ultima
1576 1510 1642 1559 sui
1671 1512 1872 1574 capituli,
1907 1527 2130 1572 quamque
2153 1509 2269 1559 linea

46 1568 180 1621 facile
201 1573 397 1638 cepisset,
432 1575 463 1625 fi
482 1574 646 1636 absque
665 1573 826 1622 diaerefi
845 1574 1091 1639 scripsisset,
1125 1595 1240 1626 nunc
1260 1595 1365 1627 vero
1384 1579 1431 1626 in
1448 1579 1634 1628 alterum
1652 1576 1829 1628 versum
1852 1573 2069 1628 transfert.

1041 1689 1080 1748 ᾗ.
1146 1687 1254 1741 Vn.

183 1772 432 1822 Cuiuslibet
446 1776 617 1838 paginae
634 1776 855 1825 contextui
880 1772 1070 1824 subieEla
1089 1773 1146 1822 est
1165 1775 1327 1840 figura,
1362 1776 1407 1825 in
1427 1779 1625 1841 porticus
1650 1774 1848 1828 formam
1874 1770 2015 1842 pisia,
2051 1791 2146 1839 quae
2162 1791 2264 1840 qua-

47 1852 154 1902 tuor
185 1839 485 1889 loculamentis
513 1860 704 1904 quatuor
732 1843 1089 1906 evangelistarum
1119 1847 1299 1892 nomina
1326 1848 1540 1893 continet:
1590 1848 1792 1908 primum
1819 1847 1935 1903 eius,
1979 1846 2108 1893 cuius
2136 1862 2262 1893 evan-

4 1912 7 1914 ’
49 1909 214 1969 gelium
232 1922 370 1957 textus
389 1908 476 1957 hoc
503 1909 604 1959 loco
635 1910 829 1969 exhibet,
861 1912 903 1958 δι
932 1926 1177 1959 ceterorum
1206 1911 1358 1959 deinde
1388 1913 1544 1959 ordine
1569 1929 1693 1960 antea
1720 1926 2085 1964 commemorato.
2154 1911 2268 1960 Scri·-

49 1973 211 2022 buntur
229 1991 333 2022 vero
353 1973 584 2038 Johannis
603 1978 646 2025 ὅ(
663 1979 801 2027 Lucae
820 1980 1002 2024 nomina
1023 1994 1067 2023 ea
1080 2013 1092 2034 ‚
1128 1994 1259 2036 quam
1287 1977 1443 2025 tabulae
1469 1979 1535 2030 N.
1554 1980 1585 2029 1
1599 1979 1644 2028 ὃ(
1661 1979 1720 2030 II
1750 1980 1798 2042 ³⁸¹)
1820 1976 2137 2041 repraesentant,
2157 1992 2268 2038 apo-

49 2056 186 2102 cope,
219 2042 439 2090 Mattha’i
455 2058 558 2090 vero
578 2044 621 2091 &
640 2046 801 2094 Marci
817 2046 957 2104 notis,
992 2060 1098 2104 quas
1118 2043 1288 2091 ibidem
1308 2045 1453 2092 videre
1483 2046 1594 2093 licet.
1661 2049 1890 2108 Spatium,
1927 2045 2048 2105 quod
2072 2043 2140 2091 hae
2161 2058 2266 2104 por·
2334 2090 2341 2093 ,

49 2106 160 2153 ricus
179 2108 424 2167 complent,
458 2125 626 2156 normae
646 2108 782 2158 dustu
805 2111 848 2156 in
870 2111 1019 2157 decem
1037 2109 1219 2169 aequales
1243 2126 1387 2171 partes
1404 2110 1568 2172 ubique
1590 2110 1865 2174 dispescitur,
1901 2127 2090 2172 quarum
2111 2107 2266 2155 infima

46 2171 166 2220 basin
191 2172 436 2230 constituit,
479 2172 683 2236 suprema
709 2174 934 2236 fastigium
963 2176 1146 2237 stringit.
1212 2175 1329 2223 Usus
1361 2194 1511 2224 earum
1542 2175 1651 2235 fuit,
1685 2194 1736 2225 ut
1761 2178 1904 2227 statim
1931 2175 2266 2238 conspiceretur,

50 2239 278 2299 quodnam
308 2241 548 2301 capitulum
574 2242 853 2302 reliquorum
880 2241 1234 2304 evangelistarum
1261 2242 1356 2290 loca
1391 2245 1515 2290 citata
1541 2242 1786 2305 respiciant.
1854 2247 2010 2306 Qum
2035 2257 2140 2288 vero
2165 2239 2285 2287 bre-f

48 2306 355 2420 viaditgerqlum
372 2305 451 2353 sint
471 2306 562 2355 haec
582 2305 793 2359 mamm,
826 2309 868 2357 ὅ(
886 2308 1062 2374 singulis
1083 2306 1274 2358 versibus
1296 2307 1556 2372 constantia3
1597 2324 1662 2359 tot
1678 2310 1812 2358 lineas
1839 2311 1927 2359 illis
1947 2306 2266 2373 impendendas

43 2386 113 2419 cre
146 2373 161 2418 i
192 2373 226 2420 it
269 2373 470 2423 ibrarius.

1039 2489 1075 2548 ς.
1142 2489 1262 2541 vm.

181 2571 359 2620 Etiamsi
377 2574 422 2620 in
441 2573 648 2624 ducendis
665 2576 791 2625 lineis
809 2591 859 2625 ut
886 2577 1134 2640 plurimum
1163 2592 1387 2626 accuratus
1414 2575 1550 2627 fuerit
1576 2578 1648 2626 hic
1666 2576 1980 2641 calligraphus,
2021 2573 2176 2622 accidit
2201 2586 2260 2622 ta·

44 2650 147 2692 men
169 2637 233 2682 illi
261 2639 523 2699 aliquando,
554 2658 602 2690 ut
620 2644 767 2705 regula
788 2645 901 2691 illius
921 2643 1089 2692 refilum
1112 2643 1275 2705 ubique
1294 2644 1463 2692 sulcum
1485 2665 1573 2693 non
1599 2645 1846 2707 signaverit,
1880 2661 1969 2704 quo
1994 2640 2178 2698 fassum,
2206 2653 2258 2688 ut

43 2702 346 2766 intercapedo,
383 2705 838 2768 litteras'contentura,
873 2712 975 2758 hinc
1004 2709 1230 2772 spatiosior
1262 2712 1362 2758 inde
1389 2712 1612 2775 angustior
1639 2710 1826 2759 evaserit.
1894 2710 1987 2756 Ubi
2008 2709 2055 2755 id
2087 2706 2259 2820 acgiidit,

1149 2783 1228 2823 Aa
1266 2795 1292 2839 3
2064 2803 2068 2806 ·
2104 2790 2132 2820 0
2185 2788 2248 2819 et·

46 2856 133 2871 ,qi—.-

94 2913 134 2967 *)
161 2916 322 2967 Monere
341 2928 470 2957 autem
491 2932 510 2957 e
529 2931 571 2958 re
592 2917 714 2958 nostra
742 2918 805 2964 est,
823 2921 962 2961 litteras
987 2920 1072 2961 heic
1095 2920 1314 2974 Ulphilanas
1334 2921 1604 2965 accuratiffime
1621 2934 1702 2965 non
1718 2919 1797 2971 ,effe
1814 2919 1998 2975 depistas,
2023 2928 2138 2973 atque
2156 2916 2259 2962 adeo

146 2967 196 3009 ad
214 2970 378 3021 amussin
396 2971 529 3013 tabulae
545 2970 737 3026 sequentis
755 2971 823 3018 111.
849 2976 989 3027 corrigi
1004 2974 1150 3017 debere.
