2473 3380
165 208 265 258 Μ
856 183 1108 240 mesra
1118 181 1322 239 TArto
1357 184 1651 248 ALTERA,

294 298 372 353 Ast
387 297 466 351 ubi
484 296 698 354 iudicium
716 312 800 349 vox
821 299 969 347 eadem
987 298 1216 365 significat,
1249 300 1417 362 generis
1442 298 1502 351 est
1522 297 1747 358 feminini,
1779 296 1822 346 ὅτ
1841 299 2032 363 proinde
2054 299 2231 351 declina
2269 313 2319 350 tu

750 368 872 427 Sing,
1432 393 1436 397 ·
1545 365 1666 414 Plur.
1718 412 1720 414 ,

114 446 131 450 ,,
164 473 175 495 τ
198 457 465 505 3333,ss
526 474 556 496 ,ἢ
613 437 759 484 Nom.
828 432 993 483 Staua.
1412 434 1557 482 Nom.
1627 425 1818 480 Stailos.

183 493 215 499 '⁷
376 499 378 501 ’
442 506 445 516 ’
617 501 734 552 Gen,
831 496 1012 549 Statcos.
1415 499 1531 551 Gen,
1625 495 1777 547 Stauo.

616 567 718 616 Dat.
833 566 1011 616 stauai.
1412 567 1515 614 Dat.
1630 564 1838 615 Stauom.

619 627 775 678 Aecus.
835 630 1001 680 Staua.
1414 628 1566 679 Aecus.
1629 629 1813 680 Stauos.

312 700 480 752 Accidit
495 697 653 748 scilicet
671 697 768 744 heic
790 696 932 756 idem,
965 697 1085 759 quod
1103 698 1148 744 in
1166 698 1316 760 lingua
1335 697 1487 756 latina,
1521 697 1597 744 ubi
1619 698 1718 744 licet
1737 714 1775 745 e.
1799 713 1841 757 g.
1864 695 2097 758 dominus,
2131 701 2284 756 virtus,
2303 716 2378 762 pe·

164 762 242 823 cue
262 773 420 818 iisdem
438 765 590 816 litteris
610 766 925 824 terminentur3
959 767 1126 826 generis
1144 781 1290 812 tamen
1310 763 1556 811 differentia
1583 763 1779 810 flexionis
1807 761 2037 810 discrimen
2061 767 2192 827 parit.
2253 768 2378 813 Vidit

163 841 251 889 hoc
268 840 334 885 vir
355 832 621 884 dofflffimus
640 829 760 881 Edu.
776 833 891 894 Lye,
926 832 968 878 ὅτ
990 832 1178 893 proinde
1197 832 1505 881 declinationes
1525 847 1609 892 pro
1632 831 1799 876 ratione
1818 833 1986 891 generis
2009 832 2055 878 in
2068 835 2379 897 grammatica

162 901 516 970 Moesiygothica,
563 896 737 962 praefixa
763 899 946 945 editioni
974 898 1309 964 evangeliorum
1340 894 1639 947 Gothicorum
1668 897 1973 952 Benzelianae,
2018 898 2256 958 descripsit:
2304 895 2378 944 sed

160 975 276 1026 dum
293 986 446 1017 earum
465 983 555 1014 non
575 964 651 1012 nisi
669 966 866 1025 quinque
884 966 1032 1026 pouit,
1065 983 1140 1012 nec
1158 964 1424 1026 singularum
1443 979 1565 1010 notas
1586 960 1941 1010 charaCteristicas
1961 963 2072 1021 edit,
2105 979 2199 1010 rem
2218 979 2378 1023 parum

163 1041 297 1094 iuvit,
332 1037 374 1082 &
393 1033 599 1081 leE‘torem
623 1034 836 1077 incertum
855 1031 1050 1090 reliquit,
1085 1033 1138 1077 ad
1160 1048 1396 1091 quamnam
1425 1032 1582 1077 harum
1608 1046 1758 1086 voces,
1790 1030 1843 1075 de
1873 1028 2031 1088 quibus
2059 1029 2248 1076 dubium
2270 1029 2376 1076 obo-

163 1106 243 1158 riri
261 1100 422 1168 potest,
458 1099 538 1151 {int
555 1096 808 1147 referendae.
879 1100 1081 1156 Utroque
1100 1100 1341 1144 accuratior
1361 1096 1420 1143 est
1447 1098 1586 1157 modo
1617 1096 1812 1142 laudatus
1837 1095 2104 1152 Lam-bertus
2137 1096 2225 1145 Ten
2246 1096 2378 1151 Kate,

164 1173 243 1235 qui
262 1172 307 1214 in
327 1167 499 1221 libello,
533 1165 682 1227 lingua
701 1159 870 1222 Belgica
897 1161 1209 1216 Amstelodami
1236 1162 1425 1223 1710‘in
1450 1178 1531 1224 4to
1551 1162 1683 1219 edito,
1706 1163 1970 1222 titulumque
1991 1178 2163 1224 gerente
2187 1161 2376 1210 Gemen-

149 1235 298 1303 filmp
317 1230 452 1295 tuffim
472 1230 526 1278 de
548 1224 780 1291 Gottistlze
799 1229 998 1293 Spraeke
1020 1244 1070 1282 en
1091 1230 1143 1276 de
1163 1227 1527 1296 Nederduytsthe
1557 1231 1601 1277 h.
1622 1247 1661 1276 e.
1678 1229 1910 1275 harmonia
1929 1232 1976 1274 L.
1999 1230 2198 1275 Gothicae
2219 1228 2261 1279 <St
2285 1229 2377 1278 Bel-

85 1324 92 1326 -
162 1305 289 1366 gicae,
323 1297 532 1349 vocabula
551 1293 872 1357 Moesogothica
889 1297 1038 1341 omnia
1067 1297 1112 1340 in
1138 1311 1192 1344 12
1227 1293 1369 1347 classes
1391 1294 1551 1352 divisit,
1584 1311 1773 1362 quarum
1794 1310 1828 1350 4
1856 1293 2078 1347 masculini
2107 1296 2273 1355 generis
2294 1293 2375 1341 ess'e

165 1367 250 1424 ait,
285 1365 518 1414 desinentia
546 1379 705 1428 nempe
738 1361 797 1421 1)
824 1362 869 1407 in
889 1377 940 1419 a,
982 1377 1031 1408 ut
1065 1374 1186 1418 atta,
1222 1378 1356 1423 pater.
1394 1360 1455 1425 2)
1486 1364 1532 1406 in
1566 1377 1611 1418 s,
1646 1375 1694 1407 ut
1723 1362 1861 1426 dagt,
1895 1360 2000 1413 dies,
2046 1358 2106 1424 3)
2134 1363 2178 1406 in
2204 1364 2289 1417 eir,
2326 1375 2376 1408 ut

165 1434 390 1491 hairdeis,
424 1429 584 1495 pastor,
627 1431 692 1492 4)
721 1429 765 1474 in
798 1444 875 1486 us,
909 1443 958 1475 ut
970 1425 1139 1492 fimus,
1176 1428 1310 1481 filius,
1371 1429 1593 1474 Feminini
1624 1427 1790 1490 generis
1822 1443 2048 1473 enumerat
2089 1427 2143 1487 1)
2176 1429 2372 1474 exeuntia

162 1504 212 1553 in
243 1516 297 1562 a,
330 1513 382 1546 ut
402 1497 572 1564 paida,
607 1497 765 1543 tunica.
803 1497 862 1555 2)
892 1496 936 1541 in
965 1511 1010 1552 s,
1040 1493 1291 1559 utstmlzts,
1326 1494 1523 1542 morbuS.
1564 1494 1619 1557 3)
1652 1496 1695 1538 in
1725 1510 1769 1545 o,
1805 1508 1854 1539 ut
1885 1509 2022 1559 azgo,
2060 1494 2187 1542 cinis·
2229 1494 2290 1553 4)
2328 1495 2374 1540 in

162 1571 225 1626 ei,
259 1582 309 1616 ut
334 1566 482 1622 liutei,
515 1560 771 1627 hypocrisis,
809 1563 868 1624 5)
899 1563 943 1607 in
970 1578 1045 1619 us,
1077 1577 1125 1608 ut
1146 1559 1345 1617 handus,
1379 1562 1569 1615 manus(
1619 1560 1833 1605 Neutrius
1862 1561 2030 1620 generis
2057 1558 2273 1618 sequentia
2294 1577 2376 1620 po·

163 1635 252 1686 nitt
291 1631 349 1698 1)
381 1648 477 1693 quae
496 1632 777 1684 iniexeunt,
808 1642 859 1674 ut
884 1624 1016 1684 badi,
1050 1626 1200 1679 leiiuS.
1239 1631 1298 1689 ε’.)
1327 1630 1370 1673 in
1393 1625 1648 1680 consonam,
1683 1641 1732 1671 ut
1750 1627 1829 1690 jer
1848 1642 2001 1673 annus.
2041 1624 2100 1688 3)
2128 1627 2172 1671 in
2192 1642 2241 1682 o,
2275 1643 2310 1672 e.
2330 1642 2374 1687 g,

163 1700 339 1757 hairto,
374 1716 467 1752 cor.
523 1700 678 1761 Qum
701 1696 774 1740 hic
792 1693 901 1740 liber
917 1696 1057 1740 rarius
1080 1696 1124 1740 in
1145 1694 1289 1741 nostra
1312 1696 1490 1754 regione
1509 1694 1775 1753 reperiatur,
1805 1708 1896 1737 non
1923 1689 2000 1736 nisi
2030 1690 2265 1751 postquam
2281 1691 2373 1738 haee

161 1765 377 1818 schemata
397 1780 492 1810 mea
519 1763 892 1818 concinnaveram‚
915 1761 959 1808 in
979 1761 1106 1810 ilium
1129 1762 1279 1809 incidi.
1349 1759 1541 1804 Laetabar
1560 1764 1663 1803 vero
1682 1773 1779 1804 tum
1799 1756 1940 1803 statim
1963 1753 2168 1818 suffragio
2190 1759 2272 1803 viri
2294 1758 2374 1804 hu-

165 1835 234 1881 ius
258 1831 441 1878 eruditiz
475 1827 546 1874 sed
577 1829 634 1874 ita
661 1841 825 1881 tamen,
861 1840 910 1872 ut
936 1826 1049 1872 mihi
1077 1827 1265 1883 viderer,
1298 1824 1350 1871 ab
1371 1828 1549 1885 'incepto
1579 1822 1770 1869 desistere
1801 1840 1891 1868 non
1921 1823 2099 1880 debere,
2132 1822 2373 1884 praesertim

167 1914 304 1959 quum
326 1894 514 1942 instituta
532 1893 763 1939 collatione
783 1889 907 1938 facile
929 1893 1064 1937 cuivis
1082 1907 1246 1952 pateat,
1279 1892 1416 1936 varias
1435 1890 1760 1935 terminationes
1788 1906 1812 1935 a
1831 1889 1886 1937 K
1882 1890 2006 1936 aleno
2036 1888 2208 1935 omissas
2229 1887 2370 1946 fuiffe,

165 1965 209 2012 &
227 1962 382 2009 deinde
410 1960 455 2006 id
473 1959 687 2021 praecipui
706 1955 895 2003 nostram
924 1958 1185 2005 methodum
1209 1957 1391 2012 habere,
1424 1955 1546 2015 quod
1573 1972 1725 2001 omnes
1751 1953 2027 2015 singulasque
2046 1972 2205 2000 vocum
2225 1958 2372 2002 termi-

165 2031 360 2079 nationes
378 2043 470 2073 uno
490 2024 648 2075 obtutu
673 2021 998 2084 conspiciendas
1017 2021 1198 2080 offerat,
1233 2040 1391 2083 easque
1422 2019 1664 2075 distinfflus
1693 2021 1987 2081 proponendo
2002 2057 2012 2076 ,
2045 2037 2150 2084 quas
2172 2023 2372 2068 variatio·

165 2112 239 2147 nes
257 2093 427 2156 singulae
446 2093 492 2144 in
511 2089 672 2142 casibus
693 2089 885 2148 obliquis
903 2086 1099 2150 subeant,
1131 2088 1339 2141 ostendat.
1405 2091 1620 2148 Expertus
1647 2085 1738 2147 ipse
1766 2086 1888 2143 sum,
1923 2087 2094 2146 quoties
2117 2089 2230 2139 iuter
2251 2088 2369 2141 evol-

164 2162 356 2209 vendum
385 2157 602 2219 evangelia
621 2155 812 2202 Gothica
834 2155 947 2202 mihi
975 2172 1086 2215 aqua
1113 2153 1303 2215 haeserir,
1336 2154 1378 2207 δε
1397 2150 1532 2214 quam
1559 2170 1692 2214 aegre,
1721 2169 1952 2212 antequam
1982 2155 2027 2198 in
2055 2152 2256 2200 ordinem
2278 2154 2372 2200 haec

162 2228 481 2290 qualiacunque
500 2223 776 2283 redegeram,
810 2238 880 2267 me
909 2222 1192 2283 expedierim.
1249 2225 1306 2268 Et
1325 2222 1442 2267 idem
1461 2221 1564 2266 viris
1592 2218 1797 2276 eruditis,
1834 2221 1910 2279 qui
1936 2221 1981 2264 in
2000 2220 2087 2265 hoc
2114 2235 2272 2281 campo
2292 2220 2371 2265 de-

166 2291 416 2349 currerunt,
448 2292 578 2338 etiarn
606 2286 787 2335 evenisse
808 2288 949 2337 video.
1016 2289 1079 2334 Ut
1109 2305 1202 2335 uno
1232 2288 1420 2334 alterove
1447 2285 1647 2347 exemplo
1675 2283 1908 2345 defungar,
1942 2285 2126 2343 legit-nus
2154 2287 2196 2334 in
2226 2284 2369 2337 codice

163 2376 270 2427 arg.
292 2355 464 2409 Manli.
487 2371 564 2416 27,
588 2371 632 2403 1.
702 2354 766 2403 At
783 2356 999 2419 maurgin
1025 2351 1135 2402 than
1162 2350 1519 2407 waurthananm
1554 2367 1679 2397 mane
1698 2347 1840 2398 fafitoz
1874 2348 2244 2400 reverendisiimus
2263 2369 2367 2405 ver-0

164 2426 428 2483 Benzelius‚
459 2424 506 2469 in
535 2421 609 2468 sua
636 2419 825 2467 editione
844 2417 1077 2466 leff'tionem
1094 2421 1204 2466 hanc
1222 2417 1421 2466 vitiosam
1439 2431 1667 2477 reputans,
1702 2433 1786 2475 pro
1808 2420 2032 2480 maurgin,
2057 2431 2285 2482 maurgan
2305 2435 2368 2464 ree

162 2492 332 2557 posuit,
367 2505 506 2553 quum
526 2486 706 2548 seque-ns
724 2485 1056 2533 wem-thanum
1075 2485 1220 2545 quarti
1237 2482 1356 2531 casus
1377 2479 1604 2528 masculini
1624 2482 1791 2541 generis
1812 2480 1879 2536 fit,
1912 2483 1980 2530 cui
2007 2497 2055 2528 ut
2075 2498 2236 2529 nomen
2257 2500 2366 2543 prae.-

163 2560 317 2608 cedens
335 2554 617 2618 respondeat,
650 2566 880 2617 maurgan
898 2552 1156 2612 ponendum
1173 2547 1358 2606 censuit,
1393 2564 1482 2594 non
1500 2551 1746 2611 maurgin,
1771 2549 1939 2608 quippe
1960 2547 2079 2607 quod
2103 2565 2188 2608 pro
2220 2548 2365 2597 dativo

164 2623 264 2673 casu
282 2623 460 2678 habuit,
491 2618 674 2667 assu-etus
693 2619 798 2664 huic
816 2618 1113 2665 terminationi
1132 2618 1176 2662 in
1204 2616 1299 2663 aliis
1317 2613 1499 2665 vocibus
1519 2610 1745 2660 masculini
1766 2615 1932 2673 generis
1963 2630 1998 2660 e.
2022 2630 2065 2674 g.
2090 2615 2247 2673 ahma,
2281 2614 2365 2677 spi.

163 2693 299 2748 rituS,
332 2691 456 2737 cuius
478 2687 646 2733 dativus
674 2683 733 2731 est
763 2682 943 2740 ahmin,
975 2681 1235 2729 accusativus
1262 2698 1365 2728 vero
1395 2676 1578 2727 ahman.
1647 2678 1730 2728 sed
1748 2678 1777 2725 fi
1802 2679 1969 2725 evolvas
1990 2676 2159 2726 schema
2180 2681 2366 2728 vocabu-

165 2756 314 2804 lorum
338 2757 384 2802 in
411 2757 481 2803 ins
505 2752 778 2807 exeuntium,
826 2749 1014 2806 videbis,
1046 2749 1155 2796 nihil
1182 2748 1281 2793 heic
1311 2745 1637 2797 immutandum
1667 2742 1759 2795 effe.
1827 2747 2075 2792 Occurrunt
2093 2746 2366 2803 offendicula.

164 2822 384 2869 eiusmodi
402 2818 521 2868 haud
539 2834 676 2879 pauca
692 2817 797 2875 alia,
829 2833 927 2876 quae
945 2814 1022 2864 nifi
1040 2813 1191 2861 sedulo
1213 2815 1422 2868 vitentur,
1448 2808 1593 2871 lapsus
1614 2806 1751 2856 facilis
1774 2809 1848 2861 est.
1917 2809 2153 2858 Ostendent
2175 2810 2361 2862 schema9

168 2901 213 2932 ta
230 2886 469 2945 sequentia,
502 2883 713 2934 vocabula
733 2897 884 2930 neutra
902 2884 949 2927 in
978 2885 995 2929 i
1019 2882 1234 2935 exeuntia,
1270 2881 1315 2924 in
1335 2878 1479 2924 dativo
1507 2877 1858 2927 terminationem
1881 2879 1937 2941 ja
1963 2894 2129 2937 amare,
2165 2895 2198 2926 e,
2220 2895 2259 2939 g.
2275 2894 2362 2943 ga·

167 2948 363 3011 vuirthi,
395 2967 501 3015 pax,
532 2946 825 3018 gavairthja;
858 2945 930 2995 sed
955 2948 1002 2994 in
1028 2944 1254 2998 femininis
1283 2943 1434 2997 eadem
1459 2943 1707 2992 terminatio
1727 2941 2011 2995 accusativum
2032 2939 2220 3002 format,
2256 2961 2294 3060 e).
2315 2962 2360 3006 g,

2243 3015 2366 3060 ttiu-
