2473 3380
910 149 952 198 P
983 151 1026 200 R
1059 149 1130 202 AE
1163 150 1209 198 F
1235 149 1284 200 A
1315 150 1428 200 :TI
1460 148 1521 201 Ο.
1787 168 1795 172 ⁴·
1899 172 1901 174 ·
2136 204 2147 206 ,,
2187 179 2194 184 ·
2282 173 2315 216 9

319 262 401 308 Sed
423 280 445 309 e
464 264 595 309 nimis
624 262 757 322 longo
779 260 1036 308 diverticulo
1059 260 1112 307 ad
1133 259 1411 322 propositum
1433 261 1624 316 rediens,
1659 277 1746 307 tam
1774 277 1896 319 mee,
1932 279 2061 322 quam
2082 261 2315 313 doaiffimi

116 329 296 376 Domini
323 327 635 390 Respondentis
671 329 849 373 nomine
880 328 1062 373 multam
1082 324 1302 388 praefabor
1321 329 1492 373 veniam
1507 364 1517 384 ,
1554 329 1675 386 quod
1696 325 1772 373 sub
1793 328 1973 386 aliquod
1994 348 2170 376 examen
2189 333 2313 378 inno·

115 398 186 441 xio
215 410 372 441 conatu
397 413 551 441 vocare
580 393 905 440 sustinuerimus
933 408 1155 439 tantorum
1192 394 1391 454 virorum
1421 393 1610 450 labores,
1646 394 1722 452 qui
1751 408 1846 438 ante
1875 411 1954 439 nos
1985 396 2178 456 Ulphilae
2214 397 2313 444 illu·

111 459 282 506 strando
303 477 484 520 operam
510 476 732 507 navarunt.
804 463 913 506 Non
936 462 1052 505 enim
1075 459 1182 504 adeo
1212 457 1357 505 nostro
1378 456 1494 520 fugit
1514 459 1566 505 ab
1586 476 1662 505 ore
1684 459 1855 519 pudor,
1889 475 1936 505 ut
1956 460 2120 519 aliquid
2141 461 2312 509 doffius

109 527 192 572 illis
222 543 301 571 nos
331 528 580 586 prolaturos
609 525 906 574 confidamus:
942 541 1018 570 nec
1046 523 1076 570 {i
1104 523 1157 570 de
1184 524 1440 571 eruditionis
1471 525 1618 586 palma
1646 540 1866 571 certamen
1893 524 2012 582 esset,
2047 544 2209 573 nomen
2236 546 2312 573 no-

108 591 243 638 strum
272 610 467 651 unquam
496 592 694 653 profiteri
728 591 813 637 ausi
850 589 1091 640 fuissemus.
1168 592 1268 652 Jam
1299 583 1402 635 vero
1433 609 1572 649 quum
1602 592 1857 647 oculorum,
1890 594 2099 652 vegetiori
2125 590 2309 640 fortaffis

109 659 198 703 acie
224 659 350 704 unice
378 661 591 713 nitamur,
627 673 715 704 tam
746 659 883 703 levem
915 655 1041 701 nobis
1068 656 1271 712 videmur
1299 652 1447 700 sefflari
1478 656 1675 712 laudem,
1708 672 1757 702 ut
1783 656 1966 703 invideri
1987 660 2192 718 cuiquam
2219 676 2308 706 non

110 723 273 771 debeat.
343 723 554 770 Intereasi
573 725 679 783 quid
707 724 760 770 ad
780 721 1084 768 restituendam
1111 718 1345 766 leffionem
1372 719 1657 780 pretiosiffimi
1676 723 1807 767 huius
1837 723 1996 769 codicis
2023 724 2183 772 alicubi
2209 743 2309 772 con·

108 790 309 845 tulimus,
346 791 408 836 uti
444 808 522 837 nos
551 788 666 836 forte
697 786 942 841 contulisse,
977 785 1007 831 fi
1035 788 1181 832 minus
1209 783 1415 846 praesens,
1460 801 1502 831 at
1530 787 1659 833 altera
1692 803 1837 833 tamen
1864 788 1995 851 hujus
2021 791 2175 851 opellae
2204 808 2304 852 pars

106 854 304 912 docebit,
341 856 497 902 malam
525 856 650 902 nobis
677 856 860 915 gratiam
891 852 1086 898 eruditus
1116 851 1236 898 orbis
1264 869 1352 898 non
1371 851 1570 908 habebit,
1606 853 1711 898 dum
1742 853 1936 898 laborem
1960 857 2003 899 in
2024 873 2102 901 nos
2124 854 2306 918 suscepi-

105 923 226 976 inus,
259 923 333 980 qui
361 920 461 981 post
487 922 654 982 aliquot
681 919 811 965 lustra
844 915 1002 964 frustra
1030 932 1287 972 tentaretur,
1305 917 1364 967 ,ἃ
1392 914 1689 978 intempestive
1722 916 1903 964 modesti
1932 918 2011 964 effe
2032 920 2303 981 judicaverit,
2349 961 2352 965 .

104 986 259 1033 oculos
281 989 497 1043 claudere,
530 1004 583 1032 ne
601 986 707 1045 quid
728 985 822 1031 aliis
843 982 1165 1030 inobservatum
1184 984 1338 1030 videat.
1407 986 1474 1029 De
1495 999 1637 1030 cetero
1658 1001 1812 1044 magna
1835 983 1924 1030 haec
1948 988 2128 1031 nomina
2147 985 2303 1050 Junii‚

104 1050 451 1109 Stiernlzielmii,
487 1055 708 1108 Benzelii‚
745 1055 790 1097 in
821 1049 1073 1097 trassatione
1100 1067 1189 1096 non
1219 1049 1296 1096 nisi
1327 1050 1461 1096 literis
1490 1050 1728 1096 initialibus
1756 1047 1815 1114 J.
1847 1047 1912 1098 St.
1935 1050 1976 1097 ὃ(
2005 1052 2062 1100 B.
2091 1052 2302 1114 designata

102 1115 221 1167 scito.
291 1117 434 1164 Verba
453 1133 588 1166 textus
609 1119 789 1165 Gothici
816 1134 919 1162 cum
943 1115 1132 1163 verfione
1153 1134 1174 1162 e
1192 1118 1372 1177 regione
1397 1114 1534 1178 posita
1562 1117 1810 1173 attulimus,
1843 1113 1915 1162 sed
1936 1116 1980 1163 id
1999 1119 2091 1164 eius
2121 1134 2301 1177 tantum,

101 1185 209 1228 circa
235 1184 355 1242 quod
376 1183 489 1230 crifis
510 1183 651 1231 nostra
675 1183 843 1244 aliquid
864 1183 1365 1238 annotandum‘invenit,
1401 1183 1522 1242 quod
1543 1182 1651 1241 quid
1671 1180 1791 1239 effer,
1821 1196 1871 1227 ut
1888 1180 2028 1228 statim
2057 1183 2300 1245 patesceret,

98 1249 324 1296 literarum
359 1248 606 1297 discrimine
636 1249 822 1310 efficere,
865 1251 1102 1296 voluimus.
1186 1247 1474 1294 Praemifimus
1504 1245 1698 1294 formam
1735 1249 1961 1294 literarum
1988 1249 2298 1308 Gothicarum,

98 1315 151 1361 ad
172 1317 422 1377 exemplum
451 1317 594 1378 ipsum
624 1320 817 1364 accurate
845 1313 1110 1366 effigiatum,
1146 1313 1297 1372 addito
1324 1328 1476 1358 earum
1496 1315 1542 1356 in
1562 1314 1834 1360 numerando
1863 1315 2024 1362 valore.

302 1384 497 1426 Unicum
526 1381 669 1424 adhuc
691 1377 773 1433 est,
807 1377 927 1434 quod
950 1393 1019 1421 me
1048 1377 1305 1435 interprete,
1336 1375 1513 1435 publice
1539 1377 1801 1421 declaratum
1826 1378 1928 1421 velit
1957 1378 2112 1423 austor
2138 1379 2294 1428 noster.

96 1444 304 1506 Agnoscit
329 1443 588 1489 humillimo
616 1445 766 1488 animo
794 1438 990 1486 favorem
1020 1440 1300 1509 Ampliffimi
1321 1443 1514 1489 Senatus
1533 1439 1815 1496 Academici,
1850 1442 1929 1499 qui
1958 1444 2132 1502 copiam
2163 1442 2295 1505 inspi-

96 1510 238 1556 ciendi
280 1510 491 1570 argentei,
533 1507 564 1555 fi
589 1510 781 1570 pretium
817 1505 1002 1568 spe-stes,
1045 1523 1144 1553 vere
1184 1508 1303 1553 aurei
1341 1506 1536 1563 dicendi,
1575 1507 1740 1553 codicis
1774 1505 1910 1552 huius
1936 1503 2158 1564 faciendo,
2193 1510 2297 1558 huic

95 1575 253 1637 opellae
283 1573 550 1623 obstetricati
575 1572 874 1636 benigniffime
898 1573 1061 1622 voluit:
1095 1572 1260 1624 lubenti
1289 1575 1395 1623 item
1424 1575 1572 1620 animo
1606 1574 1652 1618 in
1672 1589 1752 1618 aere
1771 1589 1938 1621 >eorum
1955 1570 1995 1618 se
2018 1571 2100 1628 esse
2117 1574 2294 1635 profite-

94 1657 185 1699 tur,
220 1644 299 1701 qui
330 1641 604 1689 bibliothecae
635 1641 821 1704 publicae
856 1656 1005 1687 curam
1034 1655 1226 1700 agentes,
1269 1641 1357 1686 otia
1391 1637 1490 1697 sua,
1524 1635 1791 1686 fruGuoslus
1826 1638 2150 1698 iucundiusque
2189 1642 2295 1688 alibi

92 1708 367 1765 collocanda,
399 1707 477 1769 ipsi
503 1708 620 1755 haud
647 1722 816 1769 gravate
849 1708 1205 1755 commodarunt.
1286 1708 1475 1752 Gratum
1505 1703 1569 1764 se,
1605 1706 1714 1751 dum
1743 1705 1923 1759 vixerit,
1957 1701 2163 1752 futurum
2190 1709 2291 1754 reci*

93 1776 183 1836 pit,
220 1773 563 1835 sponsoremque
589 1775 788 1821 lubenter
815 1790 897 1834 ego
926 1789 996 1818 me
1023 1769 1180 1820 offero.

695 1885 801 1925 Haba
1001 1884 1135 1924 Habeo
1337 1883 1427 1937 Joh.
1454 1896 1521 1931 10,
1553 1896 1589 1923 2.

695 1937 829 1978 Habais
1008 1937 1135 1977 Habes
1337 1937 1428 1990 Joh.
1458 1936 1502 1984 6,
1543 1935 1608 1977 68.

693 1991 852 2031 Habaitlz
1003 1990 1130 2030 Habet
1330 1988 1470 2030 Matth.
1497 2000 1568 2036 27,
1597 1986 1663 2034 ὅς.

690 2044 834 2083 Haham
1001 2043 1202 2084 Habemus
1329 2044 1451 2082 Marc.
1475 2048 1516 2089 8,
1557 2037 1622 2079 16.

688 2096 847 2136 Habuitlz
993 2096 1152 2136 Habetis
1323 2097 1420 2136 Luc.
1446 2093 1491 2141 6,
1523 2106 1585 2141 24.

650 2198 654 2199 ⁷
692 2148 851 2189 Habancl
994 2149 1175 2189 Habent'
1296 2175 1299 2178 -
1325 2149 1436 2189 Marc
1469 2147 1514 2195 6,
1561 2156 1600 2194 5-

685 2200 858 2240 Habcmds
995 2202 1149 2241 Habens
1321 2199 1452 2242 Matth
1494 2206 1513 2242 8
1528 2227 1538 2247 ,
1579 2211 1616 2239 2.

684 2251 867 2290 Habandis
893 2285 901 2295 ,
986 2253 1173 2291 Habentis
1309 2251 1400 2304 Joh.
1433 2263 1502 2298 10,
1531 2262 1594 2290 21.

681 2301 874 2342 Habaudin
993 2303 1167 2344 Habenti
1320 2305 1440 2343 Marc.
1474 2314 1516 2348 3,
1548 2312 1583 2347 3.

197 2364 375 2402 Praetereo
400 2357 564 2410 reliqua,
593 2357 630 2397 ὃ(
656 2355 771 2396 vei-bo
798 2365 949 2395 tantum
973 2369 1136 2404 moneo,
1164 2354 1389 2395 affinitatem
1416 2353 1542 2394 adhuc
1575 2352 1743 2392 eminere
1768 2351 1914 2404 magis,
1937 2348 1966 2391 fi
1991 2350 2156 2393 Gothico
2181 2364 2295 2395 more

198 2416 234 2454 ai
251 2425 294 2454 ut
313 2428 330 2453 e
348 2413 576 2456 Latinorum
600 2409 744 2452 efferas.
801 2421 834 2450 ν.
853 2422 936 2463 quae
955 2408 1122 2450 obsti-vat
1139 2409 1237 2450 infra
1252 2407 1530 2461 Dom.Sotberg
1540 2435 1551 2456 ,
1577 2406 1626 2446 ad
1642 2404 1782 2449 Matth.
1803 2417 1873 2455 10,
1893 2415 1957 2454 25.
1975 2405 2010 2445 6<
2027 2406 2150 2448 Marc.
2164 2419 2178 2447 1
2195 2435 2207 2456 ,
2225 2418 2291 2457 45.

878 2623 1498 2675 ffl======ffi⁴

1186 2938 1221 2983 Β
1861 2983 1864 2985 ,
1965 2939 1977 2944 -
2100 2900 2290 2973 D.D.
