2473 3380
181 143 279 204 306
413 125 925 184 PRAEFATIONES
961 124 1343 180 SPECIMINI
1373 126 1748 183 GLOSSARH
1782 126 2145 182 PRAEFIXAE.

383 247 416 296 i.
451 261 493 297 e.
596 241 720 294 Tunc
751 241 816 292 ad
845 238 1074 307 vesperam
1108 238 1231 288 illico

652 307 947 358 Paraverunt
980 312 1075 355 eius
1106 321 1274 354 caenam
1309 305 1392 358 ibi.

178 380 280 431 ὣς.
313 391 391 431 10.
416 392 459 442 ς.
593 372 711 428 Thes
742 374 913 437 muases
943 386 1108 440 gerota
1141 367 1188 420 ilz
1219 368 1368 423 bithia

661 437 782 492 vnn
815 437 863 489 ilz
905 445 951 489 iz
983 443 1059 489 azi
1091 441 1173 486 mit
1209 442 1270 488 iu.

387 513 420 562 i.
455 528 493 560 e.
588 509 728 558 Hunc
760 506 905 556 cibum
938 507 1182 572 desideravi
1209 517 1474 572 propterea,

659 574 728 625 Ut
760 572 1026 623 comederem
1061 587 1158 622 eum
1192 573 1431 622 vobiscum.

178 640 349 695 Confer
365 642 496 705 plura
512 641 631 704 apud
656 636 929 691 Schilcerum
948 642 994 686 in
1013 638 1234 687 Glossario
1252 641 1504 687 Teutonico
1523 655 1568 702 p.
1581 644 1692 692 600.
1712 637 1756 688 ἅ
1777 633 2067 690 Patthenium
2085 637 2141 687 ad
2159 639 2405 692 Tatianum

179 730 226 775 p.
248 724 358 774 329.
394 726 475 756 nos
496 710 596 755 inde
613 723 707 758 mos·
727 708 963 765 habemus,
998 706 1118 767 quod
1139 707 1250 753 olim
1270 723 1403 754 omne
1422 706 1509 753 cibi
1532 724 1667 768 genus
1690 707 1933 763 denotavit,
1965 707 2157 754 citeriori
2181 725 2282 755 vero
2306 724 2400 756 aeta-

175 793 244 835 rte,
278 777 374 823 heic
401 775 606 838 perinde,
639 792 690 823 ac
715 774 836 836 apud
867 775 1139 829 Germanum,
1182 771 1455 835 restringitur
1487 773 1541 819 ad
1569 774 1820 835 pulmenta,
1861 772 1928 820 vel
1957 771 2078 819 cibos
2106 770 2400 829 secundarios,

180 844 470 893 Eademvero
489 859 574 889 vox
593 858 722 891 muas
741 842 783 889 ἃ
801 844 918 897 mias
936 839 1058 901 apud
1081 836 1320 902 Otfria'um
1338 841 1668 900 Keronemque,
1700 855 1820 886 notat
1839 855 2017 900 quoque
2041 838 2189 885 locum
2201 876 2214 898 ‚
2248 840 2324 887 ubi
2345 844 2403 888 ci-

183 910 268 958 bus
289 908 611 971 deponebatur,
647 909 735 956 hoc
754 906 835 965 est,
868 903 1077 956 mensam.
1149 908 1277 953 Prior
1292 909 1341 957 L.
1359 909 1436 954 IV.
1459 924 1494 955 c.
1515 920 1563 962 9.
1584 923 1624 952 v,
1648 921 1723 968 34.
1760 905 1889 953 habet
1912 908 1959 954 zi
1976 901 2125 967 mucfi
2140 902 2282 971 gff'filz.
2316 909 2340 953 i.
2361 924 2402 957 e.

180 976 399 1036 accubuit,
421 976 464 1023 δι
483 973 703 1036 posterior
722 976 768 1020 in
784 975 934 1034 regula
955 976 996 1023 S.
1017 969 1238 1035 Benedieti
1257 990 1293 1023 c.
1313 976 1391 1030 63.
1411 972 1512 1022 edit.
1540 971 1859 1021 Schmerianae
1886 989 1933 1033 p.
1961 986 2036 1034 57.
2073 986 2124 1020 ze
2145 971 2315 1034 muale,
2343 973 2401 1032 ad

164 1039 366 1106 vmensaS.
435 1042 550 1089 Veri
570 1042 715 1100 itaque
735 1038 872 1086 (imile
896 1039 1082 1096 videtur,
1109 1036 1302 1086 mensam
1322 1039 1390 1086 vel
1409 1036 1571 1086 mesam
1591 1037 1751 1086 difiam
1770 1038 1852 1086 esse
1874 1056 1898 1085 a
1917 1036 2045 1100 mele,
2079 1054 2231 1096 nutas,
2261 1040 2328 1085 vel
2345 1040 2402 1086 ci-

183 1108 266 1163 bo,
299 1125 390 1166 quo
410 1124 514 1154 cum
534 1107 736 1161 convenit
755 1104 952 1152 nostrum
972 1117 1089 1160 ηιαι,
1124 1105 1264 1166 Ulph,
1285 1117 1430 1164 nzats,
1464 1107 1561 1166 pari
1579 1106 1767 1162 ratione,
1794 1124 1841 1152 ac
1870 1106 1989 1166 apud
2011 1105 2233 1152 Pollucem
2260 1104 2403 1152 obser-

181 1188 328 1228 vatur,
363 1180 545 1234 τςοιπέζοις
570 1187 745 1230 notare,
779 1186 940 1233 praeter
967 1167 1155 1228 mensas,
1188 1177 1249 1229 naq*
1265 1176 1317 1219 vn*
1333 1175 1435 1218 σιτία,
1454 1180 1508 1217 m'
1527 1178 1642 1218 ιίυτόιῖν
1660 1181 1853 1231 τιθέμεεοι,
1880 1173 1909 1223 ἱ,
1937 1189 1971 1221 e.
2001 1172 2131 1218 etlam
2162 1172 2284 1219 cibos
2313 1172 2401 1220 illis

178 1236 425 1302 impositos.
1149 1237 1161 1240 ’
2377 1289 2379 1293 ,

313 1305 458 1363 Alter,
493 1322 625 1365 quem
643 1304 939 1367 Ulphilanum
962 1302 1090 1369 Melit
1114 1303 1244 1352 habet
1267 1300 1572 1364 significatum,
1608 1299 1688 1357 est,
1725 1319 1816 1362 quo
1835 1304 2028 1363 patinam
2050 1302 2119 1349 vel
2145 1301 2311 1351 discum
2332 1305 2402 1352 de-

180 1387 327 1427 notat,
363 1389 496 1432 quem
510 1411 520 1428 ,
551 1370 715 1420 etiamfi
736 1389 822 1419 non
843 1371 952 1417 adeo
974 1387 1273 1423 communem,
1301 1371 1346 1415 in
1368 1367 1535 1430 scriptis
1555 1368 1795 1414 latinorum
1815 1386 1884 1415 me
1907 1387 2083 1429 quoque
2103 1371 2293 1417 invenire
2313 1388 2403 1419 me·

180 1440 312 1488 mini..
381 1441 759 1485 Commentatores
778 1438 832 1484 ad
851 1437 1025 1486 AEneid.
1047 1440 1082 1485 1.
1105 1446 1217 1485 216.
1237 1436 1279 1484 &
1300 1451 1362 1498 72
1372 1452 1414 1500 3.
1486 1436 1720 1499 Postquam
1741 1452 1793 1484 ea
1804 1448 1918 1484 emta
1929 1436 2079 1498 james
2101 1440 2257 1502 epulis,
2285 1454 2403 1487 men·

167 1502 322 1570 saeque
340 1518 544 1555 remoue,
580 1502 830 1558 observant,
865 1520 946 1565 per
971 1504 1140 1567 mensas
1167 1503 1231 1551 ibi
1257 1521 1348 1549 non
1377 1503 1561 1564 intelligi
1583 1502 1794 1558 triclinia,
1827 1501 1897 1549 sed
1926 1500 2115 1561 fercula,
2144 1503 2211 1550 vel
2235 1505 2402 1563 lances:¹

173 1590 280 1621 mox
303 1573 420 1619 enim
438 1569 563 1619 versu
584 1587 644 1634 73
656 1580 680 1610 e<
710 1586 932 1628 narratur,
964 1569 1344 1631 quemadmodum
1367 1575 1482 1631 juno
1512 1585 1557 1616 m
1575 1566 1765 1631 mrnsbm
1786 1572 1968 1618 laticum
1993 1568 2153 1618 thari!
2174 1569 2397 1629 honorem,

181 1654 232 1686 ut
259 1638 367 1685 adeo
396 1653 559 1700 pareat,
595 1655 689 1684 eam
718 1652 932 1684 remotam
961 1654 1051 1683 non
1079 1635 1224 1686 fuiffe.
1291 1638 1361 1684 Sic
1389 1637 1518 1682 etiam
1549 1637 1799 1682 vaticinium
1828 1636 1960 1692 illud,
1995 1653 2085 1696 quo
2115 1637 2160 1682 in
2189 1637 2402 1685 vocabulo

179 1703 339 1753 mensae
359 1705 515 1751 ludens
539 1702 658 1751 foeda
677 1704 873 1761 Celaeno,
908 1702 1176 1762 minabatur,
1207 1700 1320 1761 fore,
1340 1717 1389 1750 ut
1407 1719 1503 1749 ante
1524 1701 1679 1749 urbem
1695 1703 1914 1751 moenibus
1934 1718 2024 1750 non
2044 1704 2264 1766 cingerent
2283 1706 2402 1752 Tro·

180 1772 295 1832 iani,
330 1788 468 1830 quum
488 1767 627 1817 fames

194 1852 195 1855 ’
588 1833 803 1900 Ambefits
832 1834 1023 1903 fiebigat
1057 1837 1188 1884 malis
1223 1832 1452 1899 alficmere
1485 1831 1658 1890 menlbs

182 1902 373 1954 Lib.111.
387 1904 560 1950 ῘΕηείἆ,
581 1920 620 1951 v.
642 1918 754 1961 257.
822 1905 1028 1962 Sequitur
1043 1904 1192 1965 postea
1211 1903 1307 1948 Lib.
1330 1905 1432 1951 Vll.
1464 1904 1660 1948 Comites
1678 1904 1827 1948 AEneae
1845 1917 1993 1963 panes,
2011 1901 2172 1962 quibus
2192 1920 2277 1964 pro
2299 1920 2401 1964 qua-

183 1971 273 2017 dris
292 1969 352 2017 usi
373 1986 484 2031 erat,
517 1966 773 2025 comedisse,
805 1984 934 2028 atque
954 1987 1002 2016 ea
1029 1969 1247 2018 occasione
1268 1969 1446 2032 julum,
1473 1965 1565 2015 fato
1582 1967 1881 2030 periculisque
1907 1966 1996 2016 suis
2023 1972 2115 2016 iam
2141 1967 2401 2019 defunfflum

183 2034 380 2086 elamass'e

585 2101 716 2152 Heus
746 2106 881 2152 etiam
913 2118 1007 2151 men
1033 2117 1084 2149 as
1116 2096 1431 2164 corficmz'mus3

183 2169 262 2218 has
282 2186 441 2230 nempe
461 2168 648 2226 mensas?
684 2187 791 2230 quas
814 2169 938 2219 orbes
963 2170 1004 2216 &
1022 2168 1224 2233 quadras
1242 2185 1383 2230 nuper
1403 2180 1653 2225 vocaverat,
1685 2164 1791 2214 vers
1819 2182 1838 2215 1
1855 2174 1928 2218 16.
1955 2183 2061 2229 125.
2097 2170 2169 2219 cit.
2193 2169 2271 2220 lib.
2308 2173 2400 2236 Qi

186 2236 241 2284 de
262 2236 331 2282 his
349 2237 479 2299 plura
500 2235 719 2292 desiderat,
739 2237 862 2283 adeat
883 2238 1071 2286 Peirum
1092 2232 1372 2284 Ciacconiztm
1401 2235 1453 2281 de
1475 2234 1702 2280 Tricliniis
1722 2249 1802 2285 vet.
1836 2234 2030 2284 Turnebz'
2056 2235 2292 2285 adversaria
2319 2233 2400 2289 lib.

186 2317 265 2354 21.
287 2320 322 2354 c.
341 2319 417 2352 22.
453 2303 767 2351 Burmannum
788 2303 842 2350 ad
861 2305 1046 2352 Peteon.
1067 2319 1103 2351 c.
1130 2317 1213 2364 34,
1240 2301 1358 2351 Luci.
1382 2301 1531 2352 Cerda
1549 2301 1603 2347 ad
1626 2301 1827 2367 Vzrgilii
1844 2302 2018 2351 AEneid.
2041 2305 2091 2351 L.
2111 2306 2143 2350 Ι.
2162 2321 2205 2353 v.
2225 2318 2341 2367 723.
2375 2350 2376 2354 ,

320 2367 641 2416 Constitue-ram
662 2367 796 2425 infra,
820 2371 941 2417 idum
962 2387 1045 2417 vox
1066 2369 1232 2435 Aggvu
1261 2367 1525 2427 occasionem
1553 2366 1764 2429 praebuit,
1798 2368 2006 2415 nonnulla
2036 2368 2089 2415 de
2119 2370 2252 2430 latino
2275 2388 2399 2420 voca-

182 2433 292 2485 bulo
310 2435 565 2502 Angiporti
584 2439 896 2495 commentari3
930 2451 979 2483 ut
999 2436 1198 2483 vero‘has
1217 2436 1409 2496 origines
1430 2435 1641 2481 Gothicas
1665 2451 1754 2480 uno
1780 2431 2008 2491 fasciculo,
2041 2432 2110 2481 sed
2132 2437 2400 2496 quantillum

180 2504 353 2564 paginae
374 2503 536 2550 modus
557 2503 757 2549 admittat
814 2503 1209 2565 comprehendam,
1240 2503 1332 2559 illa,
1367 2518 1463 2562 quae
1485 2496 1665 2546 inferius
1696 2500 1874 2546 dicenda
1901 2498 2069 2557 forent,
2103 2502 2199 2554 ben.
2219 2501 2396 2552 leaoris

182 2570 330 2625 venia,
363 2570 631 2630 praecipiam.
703 2572 891 2617 Denotat
911 2586 1014 2616 vero
1038 2570 1318 2635 Angiportus
1350 2568 1416 2614 vel
1439 2567 1746 2632 Angiportum
1778 2566 2000 2628 angustam
2021 2571 2160 2615 viam:
2189 2571 2311 2630 quod
2329 2573 2398 2619 uti

181 2633 319 2683 dubio
339 2651 452 2683 caret
511 2637 569 2682 ita
590 2634 696 2695 quid
714 2635 799 2683 hoc
820 2638 937 2684 vocis
957 2635 1024 2692 fit,
1058 2636 1212 2696 timide
1241 2635 1396 2681 docent
1424 2635 1577 2682 critici.
1643 2632 1861 2681 Posterior
1886 2635 1979 2680 eius
2006 2651 2107 2696 pars
2134 2652 2234 2682 cum
2255 2653 2395 2698 portu

178 2701 428 2762 plurimum
449 2699 667 2748 affinitatis
685 2701 836 2760 habet,
872 2704 1060 2762 ideoque
1086 2703 1252 2760 dicunt,
1287 2701 1354 2748 vel
1381 2702 1548 2747 aditum
1578 2717 1631 2747 eo
1658 2702 1800 2747 notari
1823 2701 1876 2747 ad
1904 2716 2110 2762 portum,
2144 2702 2211 2749 vel
2237 2718 2393 2764 portus

178 2769 359 2814 nomine
379 2768 587 2829 appellari
608 2767 807 2827 quaelibet
829 2769 1028 2816 conclusa
1048 2768 1166 2825 loca,
1202 2785 1291 2829 quo
1310 2768 1446 2814 tendit
1471 2767 1700 2831 Ulpianus
1720 2767 1772 2813 de
1791 2766 1966 2816 verbor.
1986 2764 2130 2828 signif.
2149 2769 2265 2830 apud
2279 2767 2393 2834 Vos:

164 2833 286 2897 stum
306 2835 351 2879 in
371 2835 615 2897 etymolog.
685 2833 850 2884 Caelius
876 2835 1179 2900 calcagninus
1199 2836 1367 2896 optime
1388 2834 1541 2889 uadit,
1573 2849 1858 2894 anguportum
1878 2833 1963 2880 dici
1981 2834 2036 2880 ab
2064 2850 2182 2900 ango
2208 2834 2249 2880 ὅ(
2272 2852 2389 2900 por-

177 2908 274 2958 tus,
305 2911 519 2964 quatenus
537 2916 589 2951 ea
608 2917 701 2950 vox
716 2904 918 2969 antiquis
936 2905 1055 2953 viam
1079 2901 1288 2953 denotat:
1321 2899 1392 2949 sed
1414 2899 1571 2949 melius
1591 2897 1776 2959 feeiffet,
1810 2898 1841 2951 fi
1865 2899 2047 2952 ubinam
2074 2917 2157 2949 vox
2182 2917 2235 2949 eo
2263 2900 2386 2950 sensu

2333 2986 2382 3017 in
