2473 3380
151 176 245 217 112
768 156 1692 209 ANNOTATIONES.

151 292 242 322 non
273 270 383 318 adeo
410 266 635 327 constistit,
670 286 770 316 eum
799 268 1024 331 praefixum
1052 284 1104 315 us
1131 265 1487 328 significationem
1517 271 1636 316 vocis
1665 271 1778 315 varie
1805 284 2039 332 temperet,
2070 267 2350 316 &interdum

150 344 197 388 in
228 338 493 386 contrarium
523 351 679 392 vertat,
717 337 761 381 id
791 335 908 394 quod
937 334 1032 378 heic
1062 334 1147 379 loci
1180 332 1382 390 eveniffe,
1418 336 1504 399 iam
1538 333 1818 382 manifestum
1847 336 1927 394 est,
1962 339 2058 399 pari
2089 336 2225 382 modo
2255 352 2303 381 ac
2329 352 2354 382 a

150 405 308 457 lukan.
341 402 541 449 claudere
556 439 566 459 ,
599 402 809 447 habemus
831 397 1049 447 usluknan
1063 436 1073 456 ‚
1108 401 1286 461 aperiri.
1357 401 1541 462 Duplici
1562 401 1670 447 adeo
1691 398 1836 448 forma
1856 419 1941 448 vox
1960 401 2101 449 nostra
2123 404 2166 447 in
2191 399 2352 446 Moeso-

152 473 341 521 Gothica
370 483 615 528 comparetz
649 464 844 528 katgsjfflz
866 465 907 511 ἃ
927 463 1082 529 kizfim
1110 467 1175 511 vel
1200 464 1449 531 gakizgfim,
1483 482 1672 527 quarum
1701 482 1883 528 utraque
1906 470 2170 530 primigenia
2197 464 2352 527 fignifi-

150 549 318 588 catione
336 535 522 596 probare
547 547 680 579 notat.
753 534 1001 577 Fennonice
1028 530 1145 596 colim
1167 532 1206 579 ἃ
1229 548 1358 590 coen,
1390 533 1506 578 unde
1533 545 1686 581 coetan
1716 532 1841 590 kiwi,
1877 535 1987 596 lapis
2008 535 2197 597 Lydius,
2233 530 2350 592 quali

150 602 266 653 dieas
302 600 492 661 lapidem
526 597 821 658 probatorem.
926 600 1093 644 Deinde
1139 615 1181 646 2.
1217 600 1398 660 eligere,
1434 601 1555 659 quod
1600 598 1874 660 probationis
1915 599 2092 647 effestus
2130 599 2201 648 est.
2259 598 2352 645 An-

150 669 313 733 glosax:
358 665 513 732 cyfizu,
558 666 719 723 ccosan.
782 665 850 713 Isl.
881 663 1015 728 kiofit.
1068 665 1209 716 Alem.
1238 663 1417 729 kafftn,
1452 665 1642 727 clziosan.
1691 666 1803 725 Belg.
1830 663 1995 715 ks'ezen.
2044 668 2144 713 Gal.
2173 662 2268 713 choi
2286 681 2347 712 tr.

148 736 286 795 Angl.
317 728 461 795 σὴψ,
497 727 656 793 ιήορβῑ.
700 731 840 782 Sveth‚
870 730 986 795 kgsa.
1058 747 1099 793 3.
1125 734 1352 793 Experiri,
1388 746 1565 781 tentare.
1625 735 1729 778 Hoc
1757 729 1879 777 sensu
1912 734 2102 778 occurrit
2131 734 2175 777 in
2204 731 2352 777 codice

148 817 352 863 argenteo
381 802 472 844 Luc
515 813 593 858 14,
638 814 708 856 19.
777 796 907 863 Juka
933 798 1098 845 az-dzsne
1125 797 1348 846 usbauhta
1376 796 1501 857 fimf,
1526 798 1614 863 jalz
1642 814 1802 864 gagga
1833 794 2025 861 kausjan
2055 796 2216 846 tham:
2250 799 2354 857 iuga

149 869 287 916 boum
308 867 500 925 quinque
522 867 632 920 emi,
666 865 707 910 ὅ(
726 882 778 910 eo
793 903 802 921 ‚
837 867 1023 925 experiri
1050 865 1135 912 illa.
1205 867 1367 912 Forma
1402 862 1714 925 frequentativa
1737 863 2053 924 Anglosaxones
2076 865 2175 909 inde
2196 867 2354 932 costam,

151 937 368 995 colligam,
401 947 495 989 quae
524 944 684 976 tentare
724 931 949 988 denotant,
995 928 1258 979 formarunt.
1303 932 1463 979 Matth.
1491 948 1546 992 4,
1588 949 1630 979 1.
1667 929 1768 978 thdt
1809 929 1860 978 lte
1902 947 2020 978 va'rc
2051 928 2187 995 fram
2226 929 2355 996 deofle

151 1000 368 1063 cofiztd,ut
388 1015 411 1042 a
432 996 612 1042 diabolo
638 1012 897 1050 tentaretur,
934 1015 1028 1057 quae
1052 998 1177 1043 verba
1206 997 1423 1046 thtianur
1440 998 1727 1045 Alemanniee
1751 994 2086 1057 exp1·imit,tlzaz
2115 1012 2165 1042 er
2184 995 2355 1044 naurdi

150 1069 331 1136 gicostot
349 1061 435 1127 fut
468 1060 610 1110 themo
647 1064 885 1110 cliuuuale:
922 1065 1024 1108 hinc
1053 1062 1283 1123 Anglosax.
1317 1068 1492 1130 castere,
1524 1080 1731 1120 tentator,
1766 1062 1981 1128 costneffie,
2016 1064 2219 1117 tentatio,
2256 1064 2357 1131 eost„

153 1142 299 1199 nung,
330 1130 392 1176 id.
413 1144 461 1174 ut
489 1131 533 1174 in
562 1131 759 1174 oratione
782 1129 1023 1174 dominica:
1059 1130 1135 1177 Ne
1152 1131 1356 1193 gelaedde
1386 1130 1463 1178 clm
1486 1146 1539 1178 us
1556 1147 1610 1178 on
1639 1134 1894 1196 cosffmmge,
1930 1147 1982 1175 ne
2010 1131 2186 1174 inducas
2208 1145 2287 1173 nos
2309 1131 2354 1174 in

153 1201 452 1248 tentationem.
523 1211 572 1252 4.
592 1194 775 1254 Speciali
801 1193 1108 1255 significatione
1140 1194 1374 1254 usurpatur
1403 1197 1455 1241 de
1489 1196 1772 1256 probatione,
1807 1213 1905 1255 quae
1936 1213 2011 1242 ore
2041 1196 2083 1240 ἃ
2109 1194 2255 1254 palato
2288 1193 2354 1243 fit.

155 1271 258 1313 Luc.
290 1277 370 1322 14,
408 1272 502 1320 240‘
523 1258 723 1323 kausteith
750 1257 841 1308 this
871 1258 1152 1308 nahtamatis
1181 1265 1364 1315 meinis,
1404 1260 1591 1321 gustabit
1618 1279 1783 1307 coenam
1815 1279 1971 1308 meam.
2014 1262 2170 1308 Germ.
2201 1260 2356 1329 kosten.

155 1331 299 1380 Latini
313 1329 498 1395 gustare
520 1327 690 1383 dicunt,
726 1327 848 1385 quod
868 1345 888 1372 a
909 1341 1084 1387 gutture
1110 1338 1325 1387 perquam
1359 1327 1641 1373 incommode
1666 1328 1860 1372 derivant
1888 1327 2109 1382 nonnulli,
2140 1326 2214 1371 alii
2237 1345 2261 1371 a
2278 1328 2359 1374 Gr.

157 1409 258 1455 yion.
357 1394 447 1455 Qi
476 1395 777 1451 antiquitatem
804 1393 962 1453 linguae
981 1393 1190 1454 Scythicae
1218 1410 1442 1454 repurant,
1477 1394 1517 1438 ἃ
1539 1393 1665 1439 Celto
1690 1392 1951 1455 Scytharum
1981 1409 2083 1439 cum
2104 1393 2256 1437 vicinis
2276 1395 2359 1438 Ro-

159 1463 298 1509 manis
320 1461 604 1516 commercia,
640 1460 686 1502 in
706 1459 839 1504 modo
869 1459 1006 1504 allatis
1033 1455 1214 1504 fortaffis
1246 1460 1484 1515 invenient,
1520 1459 1640 1518 quod
1660 1459 1713 1503 ad
1732 1462 1850 1504 vocis
1876 1460 2008 1505 huius
2028 1457 2242 1504 cunabula
2271 1476 2358 1504 cer-

158 1530 262 1575 tiori
281 1529 346 1572 via
373 1526 509 1573 ducat.
581 1523 713 1570 Paulo
736 1524 959 1584 operosius
986 1524 1078 1569 haec
1099 1522 1251 1570 afferre
1272 1527 1413 1582 volui,
1449 1542 1586 1584 quum
1608 1524 1932 1583 aliquantillum
1953 1525 2059 1571 lucis
2081 1523 2236 1570 addere
2259 1522 2359 1586 pos·

158 1593 239 1643 fint
258 1594 365 1650 illis,
403 1609 498 1651 quae
526 1591 646 1653 apud
671 1588 1000 1653 Waclzterum,
1033 1592 1141 1655 inv.
1166 1588 1300 1655 ῥίψῃ
1328 1592 1368 1638 ὅ(
1391 1592 1529 1658 kosten
1556 1605 1804 1638 occurrunt.
1862 1602 1871 1609 '

1203 1719 1241 1748 V.
1314 1741 1323 1750 .

359 1767 405 1829 ἢ
444 1764 643 1823 Raihtis,
678 1769 914 1814 enimvero.
985 1765 1180 1814 Omifiss'e
1203 1720 1313 1815 hanLi:
1346 1785 1496 1815 vocem
1517 1767 1777 1834 Junium&
1801 1763 2202 1825 Stiernlzielmium,
2235 1768 2361 1816 docet

169 1831 386 1902 Ulpllilas
412 1836 687 1900 illustratus,
722 1836 799 1893 qui
822 1837 935 1880 varia
954 1834 1048 1881 loca
1083 1836 1244 1883 codicis
1265 1839 1468 1901 argentei
1497 1835 1644 1891 affert,
1678 1835 1754 1881 ubi
1775 1836 1976 1881 occurrit.
2014 1851 2054 1881 V.
2080 1852 2120 1895 p.
2146 1851 2224 1898 37.

363 1923 409 1976 n)
450 1915 745 1966 Tlmitlztlwn.
814 1917 988 1964 Vocem
1016 1918 1124 1963 hanc
1155 1914 1415 1963 eontrassam
1449 1935 1573 1980 putat
1600 1918 1844 1965 Kniexelfus
1871 1934 1893 1962 a
1923 1915 2042 1974 thai,
2075 1917 2160 1973 illi,
2199 1917 2240 1962 ἃ
2266 1914 2363 1963 ath-

162 1985 295 2044 than,
331 2000 497 2041 autem,
535 1986 578 2030 in
610 1984 797 2030 eundem
827 1985 1036 2041 modum,
1072 2001 1162 2043 quo
1191 2001 1214 2029 a
1243 1989 1289 2031 ni
1320 1986 1368 2033 ili
1397 2002 1475 2044 per
1510 1983 1640 2030 crafin
1672 1982 1718 2028 fit
1747 1986 1847 2049 m'st,
1885 2000 1972 2028 non
2007 1982 2081 2030 est.
2153 1980 2362 2028 Potuisset

161 2057 291 2100 etiam
312 2051 466 2097 addere
483 2049 716 2106 nithtlzan,
749 2049 869 2109 quod
898 2050 1214 2112 compendium
1236 2049 1293 2095 est
1312 2052 1625 2111 particularum
1646 2052 1692 2097 ni
1712 2049 1752 2095 ἃ
1774 2050 1968 2095 eiusdem
1994 2049 2126 2095 huius
2154 2046 2363 2099 athtlzan.

161 2119 243 2166 Sed
265 2120 349 2163 hoc
373 2117 469 2162 licet
491 2120 545 2162 ita
566 2116 634 2166 sit.
659 2133 812 2161 vereor
831 2133 990 2170 tamen,
1008 2132 1057 2162 ut
1080 2134 1156 2162 acu
1177 2134 1270 2161 rem
1290 2116 1386 2162 heic
1403 2117 1759 2166 Archidiaconus
1789 2114 1931 2161 noster
1951 2118 2158 2176 tetigerit,
2195 2117 2362 2176 quippe

164 2187 242 2245 qui
270 2185 386 2229 hisce
415 2185 501 2228 iam
530 2186 666 2229 citatis
692 2184 900 2242 exemplis
923 2201 1009 2229 non
1047 2199 1332 2243 permoveor,
1368 2200 1417 2229 ut
1445 2183 1575 2231 crasin
1604 2182 1797 2242 aliquam
1828 2181 2079 2237 admittam,
2119 2198 2275 2241 quam,
2311 2180 2365 2226 ab

164 2268 248 2297 una
274 2249 484 2310 particula
514 2251 707 2309 negativa
734 2247 763 2293 fi
791 2247 1025 2306 recesseris,
1071 2249 1216 2309 lingua
1247 2247 1437 2296 Gothica
1474 2251 1662 2312 ignorat.
1732 2248 1958 2307 Singulare
1991 2261 2095 2293 vero
2122 2246 2202 2302 est,
2240 2247 2281 2292 &
2309 2243 2363 2291 ad

163 2317 437 2363 harmoniam
467 2315 717 2376 linguarum
751 2330 944 2361 veterum
977 2316 1220 2377 pertinens,
1257 2315 1378 2374 quod
1401 2318 1446 2361 in
1467 2314 1674 2362 omnibus
1706 2313 1826 2358 orbis
1848 2315 2055 2373 Europaei
2084 2313 2245 2372 linguis
2268 2317 2367 2374 bey·

166 2384 290 2430 thicae
313 2381 494 2440 originis
514 2399 540 2428 η
564 2381 813 2440 negativum
834 2384 1016 2427 vocibus
1041 2397 1064 2425 a
1083 2381 1223 2425 vocali
1246 2381 1555 2439 incipientibus
1586 2379 1886 2439 praemittatur.
1958 2382 2019 2423 Ita
2049 2377 2166 2439 apud
2187 2378 2368 2427 Graeeos

170 2454 309 2504 ιηλεῆς,
363 2445 420 2492 est
439 2445 770 2502 immisericors,
801 2444 854 2490 ab
884 2447 999 2502 ἕλεος,
1057 2442 1373 2499 misericordia,
1401 2453 1520 2502 νωδδς,
1578 2444 1827 2498 edentulus,
1861 2443 1915 2489 ab
1957 2447 2061 2499 8324,
2118 2444 2241 2495 dens,
2287 2456 2363 2503 yffi„

166 2510 393 2572 infipiens,
440 2511 492 2558 ab
536 2520 640 2570 ’ίσημι
697 2508 800 2557 scio.
886 2513 1000 2554 Inter
1035 2528 1188 2556 omnes
1226 2507 1410 2565 constat,
1448 2510 1604 2556 latinos
1637 2510 1810 2563 nullus,
1844 2509 1898 2555 ab
1933 2509 2078 2561 ullus,
2113 2526 2235 2557 nemo
2264 2527 2286 2555 a
2315 2526 2367 2557 ne

167 2576 311 2634 hemo,
346 2578 435 2641 (ita
463 2578 579 2624 enim
605 2590 764 2622 veteres
792 2576 962 2622 locutos
992 2578 1247 2636 novimus,)
1285 2580 1494 2640 nuspiam
1524 2575 1576 2622 ab
1606 2581 1784 2640 uspiam
1809 2572 1966 2622 feciss'e.
2038 2573 2364 2636 Anglosaxones

171 2645 227 2690 ita
246 2645 356 2692 hanc
376 2644 507 2690 crafin
525 2641 735 2689 adamasse
756 2658 1007 2697 cernuntur,
1029 2658 1076 2688 ut
1096 2640 1203 2704 saepe
1226 2644 1339 2688 illius
1361 2640 1496 2687 caussa
1521 2659 1654 2688 unam
1673 2643 1903 2689 alteramve
1925 2643 2094 2688 literam
2112 2642 2368 2691 abiecerintz

172 2710 370 2756 dixerunt
388 2712 541 2779 nyllan
555 2747 566 2766 ,
599 2709 737 2765 nolle,
769 2723 854 2769 pro
876 2724 926 2756 ne
946 2709 1110 2764 mnan,
1144 2724 1260 2762 mes,
1296 2725 1383 2754 non
1405 2723 1513 2765 erat,
1548 2726 1632 2769 pro
1653 2725 1706 2756 ne
1727 2726 1828 2768 vas,
1863 2707 2013 2757 noebbe
2034 2725 2117 2769 pro
2136 2723 2187 2755 ne
2206 2706 2369 2759 haebbe.

175 2775 407 2825 Alemanni
439 2779 491 2823 ad
515 2771 758 2837 exemphn
781 2776 1039 2822 Gothorum
1069 2774 1261 2823 habuere
1286 2777 1392 2839 ngst,
1427 2791 1516 2820 non
1538 2773 1627 2831 est,
1653 2776 1694 2822 ἃ
1713 2773 1840 2830 niba,
1876 2774 1973 2830 nifi,
2010 2773 2179 2836 (Ulph.
2203 2772 2369 2830 πήλυ)

173 2840 341 2898 abiba,
374 2842 425 2899 fi,
461 2841 667 2909 nmplzall
684 2854 703 2889 t
728 2859 813 2903 pro
843 2848 891 2890 m·
920 2839 1129 2907 inphallit
1161 2841 1278 2903 apud
1300 2838 1596 2897 Schzlterum,
1633 2842 1754 2903 quod
1787 2844 2015 2888 imitantur
2035 2856 2186 2884 eorum
2207 2836 2370 2900 posteri

179 2908 223 2952 in
250 2910 486 2972 niergend,
515 2907 739 2970 nuspiam,
775 2926 798 2955 a
825 2912 872 2958 ni
903 2908 1180 2974 &jergencss
1217 2907 1444 2963 niemand,
1481 2925 1632 2966 nemo,
1666 2927 1688 2955 a
1715 2915 1763 2957 ni
1796 2907 1989 2962 iemand‚
2025 2911 2228 2963 nimmer,
2264 2924 2373 2953 nun-

2239 2990 2370 3031 quam
