<?xml version="1.0" encoding="UTF-8"?>
<!DOCTYPE html PUBLIC "-//W3C//DTD XHTML 1.0 Transitional//EN"
    "http://www.w3.org/TR/xhtml1/DTD/xhtml1-transitional.dtd">
<html xmlns="http://www.w3.org/1999/xhtml" xml:lang="en" lang="en">
 <head>
  <title>
</title>
<meta http-equiv="Content-Type" content="text/html;charset=utf-8" />
  <meta name='ocr-system' content='tesseract 3.04.00' />
  <meta name='ocr-capabilities' content='ocr_page ocr_carea ocr_par ocr_line ocrx_word'/>
</head>
<body>
  <div class='ocr_page' id='page_1' title='image "./johannisabihresc00ihre_0138.png"; bbox 0 0 2473 3380; ppageno 0'>
   <div class='ocr_carea' id='block_1_1' title="bbox 174 110 1756 200">
    <p class='ocr_par' dir='ltr' id='par_1_1' title="bbox 174 110 1756 200">
     <span class='ocr_line' id='line_1_1' title="bbox 174 110 1756 200; baseline -0.001 -10"><span class='ocrx_word' id='word_1_1' title='bbox 174 148 268 200; x_wconf 67' lang='lat' dir='ltr'>ns</span> <span class='ocrx_word' id='word_1_2' title='bbox 810 110 1756 188; x_wconf 61' lang='lat' dir='ltr'><em>ANNOTATIONE&amp;</em></span> 
     </span>
    </p>
   </div>
   <div class='ocr_carea' id='block_1_2' title="bbox 83 243 2405 2901">
    <p class='ocr_par' dir='ltr' id='par_1_2' title="bbox 83 243 2405 2901">
     <span class='ocr_line' id='line_1_2' title="bbox 172 243 2378 311; baseline -0.002 -12"><span class='ocrx_word' id='word_1_3' title='bbox 172 249 355 311; x_wconf 84' lang='lat' dir='ltr'>originis</span> <span class='ocrx_word' id='word_1_4' title='bbox 382 245 574 296; x_wconf 71' lang='lat' dir='ltr'>dialeffls</span> <span class='ocrx_word' id='word_1_5' title='bbox 604 248 805 307; x_wconf 82' lang='lat' dir='ltr'>inveniri.</span> <span class='ocrx_word' id='word_1_6' title='bbox 855 251 1018 294; x_wconf 87' lang='lat' dir='ltr'>Earum</span> <span class='ocrx_word' id='word_1_7' title='bbox 1049 263 1150 291; x_wconf 89' lang='lat' dir='ltr'>vero</span> <span class='ocrx_word' id='word_1_8' title='bbox 1180 243 1408 291; x_wconf 82' lang='lat' dir='ltr'>discrimen</span> <span class='ocrx_word' id='word_1_9' title='bbox 1435 261 1485 291; x_wconf 89' lang='lat' dir='ltr'>ut</span> <span class='ocrx_word' id='word_1_10' title='bbox 1513 245 1655 293; x_wconf 86' lang='lat' dir='ltr'>statim</span> <span class='ocrx_word' id='word_1_11' title='bbox 1683 247 1741 294; x_wconf 91' lang='lat' dir='ltr'>ob</span> <span class='ocrx_word' id='word_1_12' title='bbox 1762 248 1911 295; x_wconf 88' lang='lat' dir='ltr'>oculos</span> <span class='ocrx_word' id='word_1_13' title='bbox 1930 262 2131 310; x_wconf 87' lang='lat' dir='ltr'>ponatur,</span> <span class='ocrx_word' id='word_1_14' title='bbox 2155 245 2378 294; x_wconf 85' lang='lat' dir='ltr'>sciendum</span> 
     </span>
     <span class='ocr_line' id='line_1_3' title="bbox 171 309 2379 378; baseline -0.002 -14"><span class='ocrx_word' id='word_1_15' title='bbox 171 316 247 366; x_wconf 79' lang='lat' dir='ltr'>est,</span> <span class='ocrx_word' id='word_1_16' title='bbox 268 319 314 361; x_wconf 87' lang='lat' dir='ltr'>in</span> <span class='ocrx_word' id='word_1_17' title='bbox 335 315 484 377; x_wconf 84' lang='lat' dir='ltr'>lingua</span> <span class='ocrx_word' id='word_1_18' title='bbox 502 314 760 362; x_wconf 85' lang='lat' dir='ltr'>Gothorum</span> <span class='ocrx_word' id='word_1_19' title='bbox 780 315 930 359; x_wconf 87' lang='lat' dir='ltr'>omnia</span> <span class='ocrx_word' id='word_1_20' title='bbox 948 311 1078 357; x_wconf 87' lang='lat' dir='ltr'>verba</span> <span class='ocrx_word' id='word_1_21' title='bbox 1097 310 1299 357; x_wconf 85' lang='lat' dir='ltr'>radicalia</span> <span class='ocrx_word' id='word_1_22' title='bbox 1319 312 1359 357; x_wconf 72' lang='grc' dir='ltr'>ἃ</span> <span class='ocrx_word' id='word_1_23' title='bbox 1379 309 1590 371; x_wconf 86' lang='lat' dir='ltr'>fimplicia</span> <span class='ocrx_word' id='word_1_24' title='bbox 1609 311 1691 358; x_wconf 76' lang='lat' dir='ltr'>esse</span> <span class='ocrx_word' id='word_1_25' title='bbox 1711 312 1947 378; x_wconf 79' lang='lat' dir='ltr'>dissyllaba.</span> <span class='ocrx_word' id='word_1_26' title='bbox 1986 318 2087 361; x_wconf 91' lang='lat' dir='ltr'>Hoc</span> <span class='ocrx_word' id='word_1_27' title='bbox 2107 329 2252 360; x_wconf 83' lang='lat' dir='ltr'>autern</span> <span class='ocrx_word' id='word_1_28' title='bbox 2271 314 2379 359; x_wconf 89' lang='lat' dir='ltr'>dum</span> 
     </span>
     <span class='ocr_line' id='line_1_4' title="bbox 172 377 2379 443; baseline -0.003 -13"><span class='ocrx_word' id='word_1_29' title='bbox 172 384 296 438; x_wconf 91' lang='lat' dir='ltr'>dico,</span> <span class='ocrx_word' id='word_1_30' title='bbox 337 384 510 443; x_wconf 86' lang='lat' dir='ltr'>excipio</span> <span class='ocrx_word' id='word_1_31' title='bbox 537 381 630 436; x_wconf 88' lang='lat' dir='ltr'>illa,</span> <span class='ocrx_word' id='word_1_32' title='bbox 673 396 769 438; x_wconf 85' lang='lat' dir='ltr'>quae</span> <span class='ocrx_word' id='word_1_33' title='bbox 796 377 1023 439; x_wconf 80' lang='lat' dir='ltr'>praefixum</span> <span class='ocrx_word' id='word_1_34' title='bbox 1047 393 1112 443; x_wconf 82' lang='lat' dir='ltr'>ga</span> <span class='ocrx_word' id='word_1_35' title='bbox 1137 378 1319 434; x_wconf 83' lang='lat' dir='ltr'>habent,</span> <span class='ocrx_word' id='word_1_36' title='bbox 1345 377 1528 423; x_wconf 84' lang='lat' dir='ltr'>aliamve</span> <span class='ocrx_word' id='word_1_37' title='bbox 1556 394 1691 437; x_wconf 84' lang='lat' dir='ltr'>quam</span> <span class='ocrx_word' id='word_1_38' title='bbox 1717 381 2068 441; x_wconf 81' lang='lat' dir='ltr'>praepofitionem</span> <span class='ocrx_word' id='word_1_39' title='bbox 2100 396 2173 426; x_wconf 88' lang='lat' dir='ltr'>aut</span> <span class='ocrx_word' id='word_1_40' title='bbox 2201 396 2379 440; x_wconf 86' lang='lat' dir='ltr'>nomen,</span> 
     </span>
     <span class='ocr_line' id='line_1_5' title="bbox 172 443 2381 513; baseline -0.002 -16"><span class='ocrx_word' id='word_1_41' title='bbox 172 451 316 511; x_wconf 84' lang='lat' dir='ltr'>qualia</span> <span class='ocrx_word' id='word_1_42' title='bbox 332 445 428 494; x_wconf 88' lang='lat' dir='ltr'>sunt</span> <span class='ocrx_word' id='word_1_43' title='bbox 441 445 648 513; x_wconf 56' lang='lat' dir='ltr'>garasan,</span> <span class='ocrx_word' id='word_1_44' title='bbox 669 444 836 497; x_wconf 81' lang='lat' dir='ltr'>servari,</span> <span class='ocrx_word' id='word_1_45' title='bbox 858 443 1178 508; x_wconf 80' lang='lat' dir='ltr'><strong><em>anakumbjan,</em></strong></span> <span class='ocrx_word' id='word_1_46' title='bbox 1197 444 1466 500; x_wconf 87' lang='lat' dir='ltr'>accumbere,</span> <span class='ocrx_word' id='word_1_47' title='bbox 1492 443 1792 508; x_wconf 79' lang='lat' dir='ltr'>libantaujan,</span> <span class='ocrx_word' id='word_1_48' title='bbox 1813 447 2041 504; x_wconf 87' lang='lat' dir='ltr'>vivificare,</span> <span class='ocrx_word' id='word_1_49' title='bbox 2055 449 2381 513; x_wconf 79' lang='lat' dir='ltr'>galiugaweit-</span> 
     </span>
     <span class='ocr_line' id='line_1_6' title="bbox 171 510 2380 578; baseline -0.002 -13"><span class='ocrx_word' id='word_1_50' title='bbox 171 516 364 578; x_wconf 74' lang='lat' dir='ltr'>wodjan,</span> <span class='ocrx_word' id='word_1_51' title='bbox 393 511 549 560; x_wconf 88' lang='lat' dir='ltr'>falsum</span> <span class='ocrx_word' id='word_1_52' title='bbox 568 510 863 557; x_wconf 75' lang='lat' dir='ltr'>testimonium</span> <span class='ocrx_word' id='word_1_53' title='bbox 884 512 1039 568; x_wconf 83' lang='lat' dir='ltr'><strong>dicere,</strong></span> <span class='ocrx_word' id='word_1_54' title='bbox 1060 528 1137 558; x_wconf 89' lang='lat' dir='ltr'>nec</span> <span class='ocrx_word' id='word_1_55' title='bbox 1165 528 1254 557; x_wconf 89' lang='lat' dir='ltr'>non</span> <span class='ocrx_word' id='word_1_56' title='bbox 1285 527 1379 570; x_wconf 87' lang='lat' dir='ltr'>quae</span> <span class='ocrx_word' id='word_1_57' title='bbox 1398 528 1422 557; x_wconf 86' lang='lat' dir='ltr'>a</span> <span class='ocrx_word' id='word_1_58' title='bbox 1443 512 1623 556; x_wconf 88' lang='lat' dir='ltr'>nomine</span> <span class='ocrx_word' id='word_1_59' title='bbox 1642 512 1782 558; x_wconf 85' lang='lat' dir='ltr'>aliove</span> <span class='ocrx_word' id='word_1_60' title='bbox 1799 513 1932 559; x_wconf 91' lang='lat' dir='ltr'>verbo</span> <span class='ocrx_word' id='word_1_61' title='bbox 1949 512 2137 561; x_wconf 85' lang='lat' dir='ltr'>formata</span> <span class='ocrx_word' id='word_1_62' title='bbox 2156 511 2267 569; x_wconf 85' lang='lat' dir='ltr'>sunt,</span> <span class='ocrx_word' id='word_1_63' title='bbox 2287 529 2325 561; x_wconf 74' lang='lat' dir='ltr'>e.</span> <span class='ocrx_word' id='word_1_64' title='bbox 2337 529 2380 573; x_wconf 84' lang='lat' dir='ltr'>g.</span> 
     </span>
     <span class='ocr_line' id='line_1_7' title="bbox 153 568 2381 649; baseline -0.001 -22"><span class='ocrx_word' id='word_1_65' title='bbox 153 583 382 649; x_wconf 78' lang='lat' dir='ltr'><strong><em>siponjan,</em></strong></span> <span class='ocrx_word' id='word_1_66' title='bbox 401 578 570 635; x_wconf 61' lang='lat' dir='ltr'>sefiiari,</span> <span class='ocrx_word' id='word_1_67' title='bbox 598 595 620 623; x_wconf 87' lang='lat' dir='ltr'>a</span> <span class='ocrx_word' id='word_1_68' title='bbox 623 578 841 642; x_wconf 78' lang='lat' dir='ltr'>stponeis,</span> <span class='ocrx_word' id='word_1_69' title='bbox 867 575 1127 639; x_wconf 90' lang='lat' dir='ltr'>discipulus,</span> <span class='ocrx_word' id='word_1_70' title='bbox 1139 568 1416 641; x_wconf 67' lang='lat' dir='ltr'>skalkinon,</span> <span class='ocrx_word' id='word_1_71' title='bbox 1454 575 1632 633; x_wconf 89' lang='lat' dir='ltr'>servire,</span> <span class='ocrx_word' id='word_1_72' title='bbox 1666 595 1689 623; x_wconf 87' lang='lat' dir='ltr'>a</span> <span class='ocrx_word' id='word_1_73' title='bbox 1700 577 1872 641; x_wconf 79' lang='lat' dir='ltr'>skalks</span> <span class='ocrx_word' id='word_1_74' title='bbox 1894 577 2063 638; x_wconf 86' lang='lat' dir='ltr'>servus,</span> <span class='ocrx_word' id='word_1_75' title='bbox 2089 576 2381 641; x_wconf 71' lang='lat' dir='ltr'><strong><em>andbahtjan,</em></strong></span> 
     </span>
     <span class='ocr_line' id='line_1_8' title="bbox 172 640 2382 712; baseline -0.002 -18"><span class='ocrx_word' id='word_1_76' title='bbox 172 650 235 698; x_wconf 72' lang='lat' dir='ltr'>id.</span> <span class='ocrx_word' id='word_1_77' title='bbox 257 648 309 693; x_wconf 87' lang='lat' dir='ltr'>ab</span> <span class='ocrx_word' id='word_1_78' title='bbox 330 643 569 701; x_wconf 79' lang='lat' dir='ltr'>andbahts,</span> <span class='ocrx_word' id='word_1_79' title='bbox 599 641 805 702; x_wconf 88' lang='lat' dir='ltr'>minister,</span> <span class='ocrx_word' id='word_1_80' title='bbox 823 640 1083 708; x_wconf 77' lang='lat' dir='ltr'>fraujinon,</span> <span class='ocrx_word' id='word_1_81' title='bbox 1107 646 1340 701; x_wconf 87' lang='lat' dir='ltr'>dominari,</span> <span class='ocrx_word' id='word_1_82' title='bbox 1369 662 1393 690; x_wconf 87' lang='lat' dir='ltr'>a</span> <span class='ocrx_word' id='word_1_83' title='bbox 1420 641 1603 705; x_wconf 77' lang='lat' dir='ltr'>frauja,</span> <span class='ocrx_word' id='word_1_84' title='bbox 1635 643 1863 701; x_wconf 87' lang='lat' dir='ltr'>dominus,</span> <span class='ocrx_word' id='word_1_85' title='bbox 1893 643 2206 712; x_wconf 70' lang='lat' dir='ltr'>cfr.&#39;ragin0n,</span> <span class='ocrx_word' id='word_1_86' title='bbox 2231 642 2382 692; x_wconf 89' lang='lat' dir='ltr'>consu·</span> 
     </span>
     <span class='ocr_line' id='line_1_9' title="bbox 169 708 2381 778; baseline -0.002 -17"><span class='ocrx_word' id='word_1_87' title='bbox 169 715 272 769; x_wconf 85' lang='lat' dir='ltr'>lere,</span> <span class='ocrx_word' id='word_1_88' title='bbox 288 710 505 778; x_wconf 75' lang='lat' dir='ltr'>faginon,</span> <span class='ocrx_word' id='word_1_89' title='bbox 530 711 674 768; x_wconf 66' lang='lat' dir='ltr'>laetari,</span> <span class='ocrx_word' id='word_1_90' title='bbox 696 710 793 758; x_wconf 59' lang='lat' dir='ltr'>&amp;c.&#39;&#39;</span> <span class='ocrx_word' id='word_1_91' title='bbox 849 709 981 757; x_wconf 86' lang='lat' dir='ltr'>Hisce</span> <span class='ocrx_word' id='word_1_92' title='bbox 1001 712 1059 758; x_wconf 89' lang='lat' dir='ltr'>ita</span> <span class='ocrx_word' id='word_1_93' title='bbox 1079 710 1247 773; x_wconf 72' lang='lat' dir='ltr'>positis,</span> <span class='ocrx_word' id='word_1_94' title='bbox 1274 712 1456 758; x_wconf 88' lang='lat' dir='ltr'>ulterius</span> <span class='ocrx_word' id='word_1_95' title='bbox 1474 708 1697 757; x_wconf 85' lang='lat' dir='ltr'>sciendum</span> <span class='ocrx_word' id='word_1_96' title='bbox 1718 710 1798 768; x_wconf 89' lang='lat' dir='ltr'>est,</span> <span class='ocrx_word' id='word_1_97' title='bbox 1826 726 2000 773; x_wconf 89' lang='lat' dir='ltr'>tempus</span> <span class='ocrx_word' id='word_1_98' title='bbox 2029 713 2266 760; x_wconf 91' lang='lat' dir='ltr'>verborum</span> <span class='ocrx_word' id='word_1_99' title='bbox 2284 711 2381 757; x_wconf 81' lang='lat' dir='ltr'>cha·</span> 
     </span>
     <span class='ocr_line' id='line_1_10' title="bbox 167 776 2381 842; baseline -0 -14"><span class='ocrx_word' id='word_1_100' title='bbox 167 777 478 829; x_wconf 62' lang='lat' dir='ltr'>raffieristieum</span> <span class='ocrx_word' id='word_1_101' title='bbox 501 776 582 824; x_wconf 91' lang='lat' dir='ltr'>esse</span> <span class='ocrx_word' id='word_1_102' title='bbox 606 793 782 838; x_wconf 87' lang='lat' dir='ltr'>tempus</span> <span class='ocrx_word' id='word_1_103' title='bbox 802 780 1093 839; x_wconf 79' lang='lat' dir='ltr'>praeteritum,</span> <span class='ocrx_word' id='word_1_104' title='bbox 1122 778 1242 838; x_wconf 90' lang='lat' dir='ltr'>quod</span> <span class='ocrx_word' id='word_1_105' title='bbox 1263 780 1306 824; x_wconf 88' lang='lat' dir='ltr'>in</span> <span class='ocrx_word' id='word_1_106' title='bbox 1324 779 1472 840; x_wconf 87' lang='lat' dir='ltr'>prima</span> <span class='ocrx_word' id='word_1_107' title='bbox 1492 779 1799 838; x_wconf 85' lang='lat' dir='ltr'>coniugatione</span> <span class='ocrx_word' id='word_1_108' title='bbox 1824 777 1884 823; x_wconf 90' lang='lat' dir='ltr'>est</span> <span class='ocrx_word' id='word_1_109' title='bbox 1910 778 2249 842; x_wconf 82' lang='lat' dir='ltr'>trisyllabicum,</span> <span class='ocrx_word' id='word_1_110' title='bbox 2283 795 2318 829; x_wconf 84' lang='lat' dir='ltr'>e.</span> <span class='ocrx_word' id='word_1_111' title='bbox 2340 794 2381 838; x_wconf 85' lang='lat' dir='ltr'>g.</span> 
     </span>
     <span class='ocr_line' id='line_1_11' title="bbox 83 840 2376 913; baseline -0.003 -18"><span class='ocrx_word' id='word_1_112' title='bbox 83 879 87 883; x_wconf 89' lang='lat'>-</span> <span class='ocrx_word' id='word_1_113' title='bbox 153 844 338 913; x_wconf 69' lang='lat' dir='ltr'>sokida,</span> <span class='ocrx_word' id='word_1_114' title='bbox 369 844 555 906; x_wconf 82' lang='lat' dir='ltr'>quaefivi,</span> <span class='ocrx_word' id='word_1_115' title='bbox 582 862 606 890; x_wconf 89' lang='lat' dir='ltr'>a</span> <span class='ocrx_word' id='word_1_116' title='bbox 627 840 801 908; x_wconf 79' lang='lat' dir='ltr'>lbkjan,</span> <span class='ocrx_word' id='word_1_117' title='bbox 812 843 1028 909; x_wconf 85' lang='lat' dir='ltr'><em>spilloda,</em></span> <span class='ocrx_word' id='word_1_118' title='bbox 1051 847 1235 902; x_wconf 85' lang='lat' dir='ltr'>narravi,</span> <span class='ocrx_word' id='word_1_119' title='bbox 1256 863 1280 891; x_wconf 88' lang='lat' dir='ltr'>a</span> <span class='ocrx_word' id='word_1_120' title='bbox 1301 843 1494 910; x_wconf 64' lang='lat' dir='ltr'>spillon:</span> <span class='ocrx_word' id='word_1_121' title='bbox 1527 844 1570 891; x_wconf 85' lang='lat'>&amp;</span> <span class='ocrx_word' id='word_1_122' title='bbox 1589 845 1643 890; x_wconf 84' lang='lat' dir='ltr'>ad</span> <span class='ocrx_word' id='word_1_123' title='bbox 1663 844 1749 891; x_wconf 93' lang='lat' dir='ltr'>hoc</span> <span class='ocrx_word' id='word_1_124' title='bbox 1775 843 1944 890; x_wconf 88' lang='lat' dir='ltr'>schema</span> <span class='ocrx_word' id='word_1_125' title='bbox 1961 847 2147 906; x_wconf 84' lang='lat' dir='ltr'>pertinet</span> <span class='ocrx_word' id='word_1_126' title='bbox 2166 862 2266 906; x_wconf 86' lang='lat' dir='ltr'>pars</span> <span class='ocrx_word' id='word_1_127' title='bbox 2285 859 2376 891; x_wconf 86' lang='lat' dir='ltr'>ver-</span> 
     </span>
     <span class='ocr_line' id='line_1_12' title="bbox 168 908 2381 974; baseline -0.002 -12"><span class='ocrx_word' id='word_1_128' title='bbox 168 914 334 962; x_wconf 90' lang='lat' dir='ltr'>borum</span> <span class='ocrx_word' id='word_1_129' title='bbox 362 913 492 973; x_wconf 87' lang='lat' dir='ltr'>longe</span> <span class='ocrx_word' id='word_1_130' title='bbox 521 913 720 958; x_wconf 85' lang='lat' dir='ltr'>maxima.</span> <span class='ocrx_word' id='word_1_131' title='bbox 791 911 945 958; x_wconf 89' lang='lat' dir='ltr'>Altera</span> <span class='ocrx_word' id='word_1_132' title='bbox 974 912 1223 973; x_wconf 85' lang='lat' dir='ltr'>conjugatio</span> <span class='ocrx_word' id='word_1_133' title='bbox 1254 911 1335 969; x_wconf 90' lang='lat' dir='ltr'>est,</span> <span class='ocrx_word' id='word_1_134' title='bbox 1364 929 1460 971; x_wconf 84' lang='lat' dir='ltr'>quae</span> <span class='ocrx_word' id='word_1_135' title='bbox 1486 908 1731 973; x_wconf 65' lang='lat' dir='ltr'>perfefflum</span> <span class='ocrx_word' id='word_1_136' title='bbox 1756 910 1884 958; x_wconf 89' lang='lat' dir='ltr'>habet</span> <span class='ocrx_word' id='word_1_137' title='bbox 1905 910 2242 974; x_wconf 86' lang='lat' dir='ltr'>dissyllabicum:</span> <span class='ocrx_word' id='word_1_138' title='bbox 2277 927 2315 958; x_wconf 82' lang='lat' dir='ltr'>e.</span> <span class='ocrx_word' id='word_1_139' title='bbox 2336 926 2381 970; x_wconf 70' lang='lat' dir='ltr'>g.</span> 
     </span>
     <span class='ocr_line' id='line_1_13' title="bbox 167 974 2379 1045; baseline -0.003 -14"><span class='ocrx_word' id='word_1_140' title='bbox 167 978 351 1037; x_wconf 77' lang='lat' dir='ltr'>thalna,</span> <span class='ocrx_word' id='word_1_141' title='bbox 377 980 588 1040; x_wconf 83' lang='lat' dir='ltr'>cogitavi,</span> <span class='ocrx_word' id='word_1_142' title='bbox 618 995 643 1023; x_wconf 90' lang='lat' dir='ltr'>a</span> <span class='ocrx_word' id='word_1_143' title='bbox 673 974 919 1045; x_wconf 79' lang='lat' dir='ltr'>thagkjan:</span> <span class='ocrx_word' id='word_1_144' title='bbox 953 976 1139 1037; x_wconf 80' lang='lat' dir='ltr'>thuhta,</span> <span class='ocrx_word' id='word_1_145' title='bbox 1167 976 1307 1025; x_wconf 89' lang='lat' dir='ltr'>visum</span> <span class='ocrx_word' id='word_1_146' title='bbox 1329 977 1408 1034; x_wconf 88' lang='lat' dir='ltr'>est,</span> <span class='ocrx_word' id='word_1_147' title='bbox 1439 996 1461 1024; x_wconf 89' lang='lat' dir='ltr'>a</span> <span class='ocrx_word' id='word_1_148' title='bbox 1483 976 1725 1044; x_wconf 78' lang='lat' dir='ltr'>thugkjan,</span> <span class='ocrx_word' id='word_1_149' title='bbox 1751 978 1940 1032; x_wconf 85' lang='lat' dir='ltr'>munda,</span> <span class='ocrx_word' id='word_1_150' title='bbox 1970 980 2134 1039; x_wconf 86' lang='lat' dir='ltr'>putavi,</span> <span class='ocrx_word' id='word_1_151' title='bbox 2158 994 2182 1024; x_wconf 86' lang='lat' dir='ltr'>a</span> <span class='ocrx_word' id='word_1_152' title='bbox 2201 991 2379 1031; x_wconf 84' lang='lat' dir='ltr'>munan,</span> 
     </span>
     <span class='ocr_line' id='line_1_14' title="bbox 168 1041 2405 1111; baseline -0.005 -14"><span class='ocrx_word' id='word_1_153' title='bbox 168 1045 352 1103; x_wconf 78' lang='lat' dir='ltr'>bauhta,</span> <span class='ocrx_word' id='word_1_154' title='bbox 373 1046 476 1102; x_wconf 88' lang='lat' dir='ltr'>emi,</span> <span class='ocrx_word' id='word_1_155' title='bbox 504 1062 528 1090; x_wconf 86' lang='lat' dir='ltr'>a</span> <span class='ocrx_word' id='word_1_156' title='bbox 546 1043 735 1109; x_wconf 78' lang='lat' dir='ltr'>bugjan,</span> <span class='ocrx_word' id='word_1_157' title='bbox 758 1045 967 1092; x_wconf 79' lang='lat' dir='ltr'>waurlzta</span> <span class='ocrx_word' id='word_1_158' title='bbox 986 1042 1083 1101; x_wconf 81' lang='lat' dir='ltr'>feci,</span> <span class='ocrx_word' id='word_1_159' title='bbox 1113 1062 1134 1091; x_wconf 89' lang='lat' dir='ltr'>a</span> <span class='ocrx_word' id='word_1_160' title='bbox 1164 1045 1418 1108; x_wconf 73' lang='lat' dir='ltr'>waztrkjan,</span> <span class='ocrx_word' id='word_1_161' title='bbox 1438 1044 1607 1100; x_wconf 77' lang='lat' dir='ltr'>mahta,</span> <span class='ocrx_word' id='word_1_162' title='bbox 1633 1045 1761 1098; x_wconf 87' lang='lat' dir='ltr'>valui,</span> <span class='ocrx_word' id='word_1_163' title='bbox 1791 1063 1815 1090; x_wconf 85' lang='lat' dir='ltr'>a</span> <span class='ocrx_word' id='word_1_164' title='bbox 1836 1061 2019 1111; x_wconf 77' lang='lat' dir='ltr'>magun,</span> <span class='ocrx_word' id='word_1_165' title='bbox 2039 1041 2179 1101; x_wconf 69' lang='lat' dir='ltr'>aihta,</span> <span class='ocrx_word' id='word_1_166' title='bbox 2199 1041 2380 1104; x_wconf 81' lang='lat' dir='ltr'>poffedi,</span> <span class='ocrx_word' id='word_1_167' title='bbox 2401 1094 2405 1097; x_wconf 32' lang='lat'>,</span> 
     </span>
     <span class='ocr_line' id='line_1_15' title="bbox 167 1106 2381 1179; baseline -0.003 -18"><span class='ocrx_word' id='word_1_168' title='bbox 167 1115 221 1161; x_wconf 87' lang='lat' dir='ltr'>ab</span> <span class='ocrx_word' id='word_1_169' title='bbox 242 1118 396 1179; x_wconf 82' lang='lat' dir='ltr'>aigan,</span> <span class='ocrx_word' id='word_1_170' title='bbox 424 1110 545 1164; x_wconf 78' lang='lat' dir='ltr'>ohta,</span> <span class='ocrx_word' id='word_1_171' title='bbox 567 1113 690 1166; x_wconf 73' lang='lat' dir='ltr'>uhta,</span> <span class='ocrx_word' id='word_1_172' title='bbox 717 1113 861 1166; x_wconf 71' lang='lat' dir='ltr'>timui,</span> <span class='ocrx_word' id='word_1_173' title='bbox 882 1109 937 1157; x_wconf 81' lang='lat' dir='ltr'>ab</span> <span class='ocrx_word' id='word_1_174' title='bbox 956 1128 1085 1176; x_wconf 78' lang='lat' dir='ltr'>ogan.</span> <span class='ocrx_word' id='word_1_175' title='bbox 1143 1111 1371 1176; x_wconf 72' lang='lat' dir='ltr'>Hicktssus</span> <span class='ocrx_word' id='word_1_176' title='bbox 1396 1113 1485 1156; x_wconf 84' lang='lat' dir='ltr'>haec</span> <span class='ocrx_word' id='word_1_177' title='bbox 1506 1109 1748 1172; x_wconf 86' lang='lat' dir='ltr'>posteriora</span> <span class='ocrx_word' id='word_1_178' title='bbox 1766 1128 1846 1171; x_wconf 85' lang='lat' dir='ltr'>per</span> <span class='ocrx_word' id='word_1_179' title='bbox 1871 1110 2000 1157; x_wconf 81' lang='lat' dir='ltr'>cralin</span> <span class='ocrx_word' id='word_1_180' title='bbox 2020 1110 2244 1173; x_wconf 76' lang='lat' dir='ltr'>diffyllaba</span> <span class='ocrx_word' id='word_1_181' title='bbox 2262 1106 2381 1155; x_wconf 54' lang='lat' dir='ltr'>&gt;fal-{ia</span> 
     </span>
     <span class='ocr_line' id='line_1_16' title="bbox 165 1173 2378 1242; baseline -0.003 -16"><span class='ocrx_word' id='word_1_182' title='bbox 165 1196 302 1242; x_wconf 89' lang='lat' dir='ltr'>putat,</span> <span class='ocrx_word' id='word_1_183' title='bbox 335 1193 463 1236; x_wconf 88' lang='lat' dir='ltr'>atque</span> <span class='ocrx_word' id='word_1_184' title='bbox 486 1177 595 1223; x_wconf 86' lang='lat' dir='ltr'>adeo</span> <span class='ocrx_word' id='word_1_185' title='bbox 620 1173 846 1222; x_wconf 82' lang='lat' dir='ltr'>referenda</span> <span class='ocrx_word' id='word_1_186' title='bbox 864 1176 918 1221; x_wconf 86' lang='lat' dir='ltr'>ad</span> <span class='ocrx_word' id='word_1_187' title='bbox 936 1180 1129 1236; x_wconf 84' lang='lat' dir='ltr'>primam</span> <span class='ocrx_word' id='word_1_188' title='bbox 1150 1179 1529 1237; x_wconf 71' lang='lat' dir='ltr'>coniugationemz</span> <span class='ocrx_word' id='word_1_189' title='bbox 1566 1176 1636 1222; x_wconf 87' lang='lat' dir='ltr'>sed</span> <span class='ocrx_word' id='word_1_190' title='bbox 1661 1178 1782 1223; x_wconf 88' lang='lat' dir='ltr'>aliud</span> <span class='ocrx_word' id='word_1_191' title='bbox 1812 1176 1983 1234; x_wconf 81' lang='lat' dir='ltr'>suadet,</span> <span class='ocrx_word' id='word_1_192' title='bbox 2004 1194 2159 1238; x_wconf 84' lang='lat' dir='ltr'>praeter</span> <span class='ocrx_word' id='word_1_193' title='bbox 2188 1176 2378 1222; x_wconf 85' lang='lat' dir='ltr'>inflexio·</span> 
     </span>
     <span class='ocr_line' id='line_1_17' title="bbox 167 1240 2383 1304; baseline -0.003 -12"><span class='ocrx_word' id='word_1_194' title='bbox 167 1247 234 1292; x_wconf 86' lang='lat' dir='ltr'>nis</span> <span class='ocrx_word' id='word_1_195' title='bbox 261 1240 538 1291; x_wconf 80' lang='lat' dir='ltr'>manifestum</span> <span class='ocrx_word' id='word_1_196' title='bbox 565 1240 820 1297; x_wconf 84' lang='lat' dir='ltr'>discrimen,</span> <span class='ocrx_word' id='word_1_197' title='bbox 849 1240 1163 1303; x_wconf 85' lang='lat' dir='ltr'>parallelismus</span> <span class='ocrx_word' id='word_1_198' title='bbox 1194 1245 1323 1287; x_wconf 87' lang='lat' dir='ltr'>etiam</span> <span class='ocrx_word' id='word_1_199' title='bbox 1352 1244 1557 1288; x_wconf 85' lang='lat' dir='ltr'>omnium</span> <span class='ocrx_word' id='word_1_200' title='bbox 1585 1242 1836 1302; x_wconf 87' lang='lat' dir='ltr'>linguarum</span> <span class='ocrx_word' id='word_1_201' title='bbox 1863 1242 2288 1304; x_wconf 78' lang='lat' dir='ltr'>septentrionalium,</span> <span class='ocrx_word' id='word_1_202' title='bbox 2316 1242 2383 1286; x_wconf 87' lang='lat' dir='ltr'>uti</span> 
     </span>
     <span class='ocr_line' id='line_1_18' title="bbox 168 1306 2381 1371; baseline -0.002 -14"><span class='ocrx_word' id='word_1_203' title='bbox 168 1328 217 1358; x_wconf 85' lang='lat' dir='ltr'>ex</span> <span class='ocrx_word' id='word_1_204' title='bbox 247 1308 362 1356; x_wconf 87' lang='lat' dir='ltr'>infra</span> <span class='ocrx_word' id='word_1_205' title='bbox 387 1306 634 1355; x_wconf 84' lang='lat' dir='ltr'>adferendis</span> <span class='ocrx_word' id='word_1_206' title='bbox 664 1308 904 1370; x_wconf 80' lang='lat' dir='ltr'>luculenter</span> <span class='ocrx_word' id='word_1_207' title='bbox 923 1308 1102 1369; x_wconf 87' lang='lat' dir='ltr'>patebit.</span> <span class='ocrx_word' id='word_1_208' title='bbox 1151 1311 1304 1354; x_wconf 87' lang='lat' dir='ltr'>Tertia</span> <span class='ocrx_word' id='word_1_209' title='bbox 1334 1310 1585 1369; x_wconf 86' lang='lat' dir='ltr'>coniugatio</span> <span class='ocrx_word' id='word_1_210' title='bbox 1614 1307 1693 1362; x_wconf 68' lang='lat' dir='ltr'>est,</span> <span class='ocrx_word' id='word_1_211' title='bbox 1722 1325 1817 1367; x_wconf 84' lang='lat' dir='ltr'>quae</span> <span class='ocrx_word' id='word_1_212' title='bbox 1841 1306 2087 1369; x_wconf 46' lang='lat' dir='ltr'>perfeetum</span> <span class='ocrx_word' id='word_1_213' title='bbox 2118 1306 2381 1371; x_wconf 85' lang='lat' dir='ltr'>monosylla-</span> 
     </span>
     <span class='ocr_line' id='line_1_19' title="bbox 166 1369 2378 1440; baseline -0.002 -16"><span class='ocrx_word' id='word_1_214' title='bbox 166 1377 318 1425; x_wconf 88' lang='lat' dir='ltr'>bicum</span> <span class='ocrx_word' id='word_1_215' title='bbox 337 1373 470 1423; x_wconf 88' lang='lat' dir='ltr'>efficit</span> <span class='ocrx_word' id='word_1_216' title='bbox 490 1393 527 1424; x_wconf 82' lang='lat' dir='ltr'>e.</span> <span class='ocrx_word' id='word_1_217' title='bbox 549 1393 591 1436; x_wconf 76' lang='lat' dir='ltr'>g.</span> <span class='ocrx_word' id='word_1_218' title='bbox 613 1374 715 1428; x_wconf 74' lang='lat' dir='ltr'>bad,</span> <span class='ocrx_word' id='word_1_219' title='bbox 735 1376 856 1435; x_wconf 89' lang='lat' dir='ltr'>petii,</span> <span class='ocrx_word' id='word_1_220' title='bbox 879 1392 902 1420; x_wconf 86' lang='lat' dir='ltr'>a</span> <span class='ocrx_word' id='word_1_221' title='bbox 920 1374 1092 1437; x_wconf 83' lang='lat' dir='ltr'>bidjan,</span> <span class='ocrx_word' id='word_1_222' title='bbox 1112 1374 1244 1440; x_wconf 80' lang='lat' dir='ltr'>grob,</span> <span class='ocrx_word' id='word_1_223' title='bbox 1267 1372 1375 1429; x_wconf 85' lang='lat' dir='ltr'>fodi,</span> <span class='ocrx_word' id='word_1_224' title='bbox 1406 1392 1429 1420; x_wconf 80' lang='lat' dir='ltr'>a</span> <span class='ocrx_word' id='word_1_225' title='bbox 1444 1369 1642 1440; x_wconf 82' lang='lat' dir='ltr'>graban,</span> <span class='ocrx_word' id='word_1_226' title='bbox 1664 1373 1754 1437; x_wconf 69' lang='lat' dir='ltr'>hof}</span> <span class='ocrx_word' id='word_1_227' title='bbox 1786 1373 1946 1431; x_wconf 86' lang='lat' dir='ltr'>sustuli,</span> <span class='ocrx_word' id='word_1_228' title='bbox 1975 1375 2028 1421; x_wconf 84' lang='lat' dir='ltr'>ab</span> <span class='ocrx_word' id='word_1_229' title='bbox 2055 1373 2234 1437; x_wconf 66' lang='lat' dir='ltr'>naſjan,</span> <span class='ocrx_word' id='word_1_230' title='bbox 2261 1388 2378 1428; x_wconf 85' lang='lat' dir='ltr'>nam,</span> 
     </span>
     <span class='ocr_line' id='line_1_20' title="bbox 169 1439 2379 1505; baseline -0.004 -14"><span class='ocrx_word' id='word_1_231' title='bbox 169 1446 288 1505; x_wconf 87' lang='lat' dir='ltr'>cepi,</span> <span class='ocrx_word' id='word_1_232' title='bbox 321 1447 538 1499; x_wconf 84' lang='lat' dir='ltr'>animan,</span> <span class='ocrx_word' id='word_1_233' title='bbox 565 1446 688 1500; x_wconf 82' lang='lat' dir='ltr'>rais,</span> <span class='ocrx_word' id='word_1_234' title='bbox 717 1439 901 1499; x_wconf 85' lang='lat' dir='ltr'>surrexi,</span> <span class='ocrx_word' id='word_1_235' title='bbox 931 1459 953 1486; x_wconf 87' lang='lat' dir='ltr'>a</span> <span class='ocrx_word' id='word_1_236' title='bbox 973 1439 1129 1504; x_wconf 59' lang='lat' dir='ltr'>reg&#39;satiz,</span> <span class='ocrx_word' id='word_1_237' title='bbox 1152 1439 1302 1505; x_wconf 78' lang='lat' dir='ltr'>quatlz,</span> <span class='ocrx_word' id='word_1_238' title='bbox 1326 1442 1426 1492; x_wconf 86' lang='lat' dir='ltr'>dixi,</span> <span class='ocrx_word' id='word_1_239' title='bbox 1455 1459 1478 1486; x_wconf 84' lang='lat' dir='ltr'>a</span> <span class='ocrx_word' id='word_1_240' title='bbox 1497 1439 1699 1504; x_wconf 77' lang='lat' dir='ltr'>quitlzan.</span> <span class='ocrx_word' id='word_1_241' title='bbox 1767 1442 1848 1486; x_wconf 89' lang='lat' dir='ltr'>Sed</span> <span class='ocrx_word' id='word_1_242' title='bbox 1872 1459 1924 1487; x_wconf 90' lang='lat' dir='ltr'>ne</span> <span class='ocrx_word' id='word_1_243' title='bbox 1948 1442 2037 1487; x_wconf 82' lang='lat' dir='ltr'>haec</span> <span class='ocrx_word' id='word_1_244' title='bbox 2058 1440 2298 1487; x_wconf 85' lang='lat' dir='ltr'>observatio</span> <span class='ocrx_word' id='word_1_245' title='bbox 2319 1441 2379 1484; x_wconf 88' lang='lat' dir='ltr'>ni-</span> 
     </span>
     <span class='ocr_line' id='line_1_21' title="bbox 166 1505 2381 1564; baseline -0.002 -7"><span class='ocrx_word' id='word_1_246' title='bbox 166 1513 311 1557; x_wconf 88' lang='lat' dir='ltr'>mium</span> <span class='ocrx_word' id='word_1_247' title='bbox 339 1510 416 1555; x_wconf 86' lang='lat' dir='ltr'>diu</span> <span class='ocrx_word' id='word_1_248' title='bbox 449 1525 529 1554; x_wconf 88' lang='lat' dir='ltr'>nos</span> <span class='ocrx_word' id='word_1_249' title='bbox 557 1523 718 1562; x_wconf 85' lang='lat' dir='ltr'>teneat,</span> <span class='ocrx_word' id='word_1_250' title='bbox 753 1505 1163 1554; x_wconf 73' lang='lat' dir='ltr'>dissertatiunculam</span> <span class='ocrx_word' id='word_1_251' title='bbox 1191 1506 1371 1554; x_wconf 81' lang='lat' dir='ltr'>subdam</span> <span class='ocrx_word' id='word_1_252' title='bbox 1400 1507 1451 1552; x_wconf 92' lang='lat' dir='ltr'>de</span> <span class='ocrx_word' id='word_1_253' title='bbox 1478 1506 1620 1552; x_wconf 86' lang='lat' dir='ltr'>verbis</span> <span class='ocrx_word' id='word_1_254' title='bbox 1643 1507 1922 1564; x_wconf 81' lang='lat' dir='ltr'>Gothorum,</span> <span class='ocrx_word' id='word_1_255' title='bbox 1950 1507 2026 1554; x_wconf 83' lang='lat' dir='ltr'>ubi</span> <span class='ocrx_word' id='word_1_256' title='bbox 2053 1510 2189 1554; x_wconf 87' lang='lat' dir='ltr'>trium</span> <span class='ocrx_word' id='word_1_257' title='bbox 2221 1507 2381 1552; x_wconf 87' lang='lat' dir='ltr'>harum</span> 
     </span>
     <span class='ocr_line' id='line_1_22' title="bbox 164 1571 2380 1637; baseline -0.004 -12"><span class='ocrx_word' id='word_1_258' title='bbox 164 1578 528 1637; x_wconf 77' lang='lat' dir='ltr'>coniugationum</span> <span class='ocrx_word' id='word_1_259' title='bbox 546 1574 841 1636; x_wconf 81' lang='lat' dir='ltr'>paradigmata</span> <span class='ocrx_word' id='word_1_260' title='bbox 859 1571 1088 1634; x_wconf 88' lang='lat' dir='ltr'>separatim</span> <span class='ocrx_word' id='word_1_261' title='bbox 1108 1571 1298 1620; x_wconf 80' lang='lat' dir='ltr'>formata</span> <span class='ocrx_word' id='word_1_262' title='bbox 1327 1573 1539 1619; x_wconf 86' lang='lat' dir='ltr'>benevolo</span> <span class='ocrx_word' id='word_1_263' title='bbox 1562 1572 1714 1619; x_wconf 55' lang='lat' dir='ltr'>legion</span> <span class='ocrx_word' id='word_1_264' title='bbox 1743 1571 1902 1630; x_wconf 83' lang='lat' dir='ltr'>fistam,</span> <span class='ocrx_word' id='word_1_265' title='bbox 1930 1589 1977 1620; x_wconf 89' lang='lat' dir='ltr'>ut</span> <span class='ocrx_word' id='word_1_266' title='bbox 1997 1575 2056 1619; x_wconf 83' lang='lat' dir='ltr'>ita</span> <span class='ocrx_word' id='word_1_267' title='bbox 2082 1591 2171 1620; x_wconf 91' lang='lat' dir='ltr'>uno</span> <span class='ocrx_word' id='word_1_268' title='bbox 2201 1574 2380 1627; x_wconf 81' lang='lat' dir='ltr'>intuitu,</span> 
     </span>
     <span class='ocr_line' id='line_1_23' title="bbox 167 1637 2380 1703; baseline -0.003 -13"><span class='ocrx_word' id='word_1_269' title='bbox 167 1645 215 1689; x_wconf 89' lang='lat' dir='ltr'>in</span> <span class='ocrx_word' id='word_1_270' title='bbox 246 1660 336 1702; x_wconf 89' lang='lat' dir='ltr'>quo</span> <span class='ocrx_word' id='word_1_271' title='bbox 364 1641 538 1703; x_wconf 69' lang='lat' dir='ltr'>singulte</span> <span class='ocrx_word' id='word_1_272' title='bbox 572 1638 844 1702; x_wconf 85' lang='lat' dir='ltr'>conspirent,</span> <span class='ocrx_word' id='word_1_273' title='bbox 874 1642 920 1685; x_wconf 90' lang='lat' dir='ltr'>in</span> <span class='ocrx_word' id='word_1_274' title='bbox 952 1658 1042 1700; x_wconf 89' lang='lat' dir='ltr'>quo</span> <span class='ocrx_word' id='word_1_275' title='bbox 1071 1639 1332 1702; x_wconf 88' lang='lat' dir='ltr'>discrepent,</span> <span class='ocrx_word' id='word_1_276' title='bbox 1357 1639 1641 1686; x_wconf 88' lang='lat' dir='ltr'>animadverti</span> <span class='ocrx_word' id='word_1_277' title='bbox 1670 1639 1819 1701; x_wconf 77' lang='lat' dir='ltr'>pollit:</span> <span class='ocrx_word' id='word_1_278' title='bbox 1864 1642 1908 1685; x_wconf 88' lang='lat' dir='ltr'>in</span> <span class='ocrx_word' id='word_1_279' title='bbox 1934 1638 2156 1701; x_wconf 75' lang='lat' dir='ltr'>praesentia</span> <span class='ocrx_word' id='word_1_280' title='bbox 2185 1637 2380 1686; x_wconf 90' lang='lat' dir='ltr'>monebo</span> 
     </span>
     <span class='ocr_line' id='line_1_24' title="bbox 165 1704 2378 1768; baseline -0.001 -12"><span class='ocrx_word' id='word_1_281' title='bbox 165 1708 349 1765; x_wconf 80' lang='lat' dir='ltr'>tantum,</span> <span class='ocrx_word' id='word_1_282' title='bbox 375 1711 566 1768; x_wconf 86' lang='lat' dir='ltr'>primam</span> <span class='ocrx_word' id='word_1_283' title='bbox 587 1708 627 1754; x_wconf 74' lang='grc' dir='ltr'>ἃ</span> <span class='ocrx_word' id='word_1_284' title='bbox 648 1705 880 1753; x_wconf 87' lang='lat' dir='ltr'>secundam</span> <span class='ocrx_word' id='word_1_285' title='bbox 900 1708 1211 1768; x_wconf 83' lang='lat' dir='ltr'>imperativum</span> <span class='ocrx_word' id='word_1_286' title='bbox 1233 1709 1278 1752; x_wconf 89' lang='lat' dir='ltr'>in</span> <span class='ocrx_word' id='word_1_287' title='bbox 1304 1711 1344 1755; x_wconf 86' lang='lat' dir='ltr'>ei</span> <span class='ocrx_word' id='word_1_288' title='bbox 1362 1707 1430 1752; x_wconf 90' lang='lat' dir='ltr'>vel</span> <span class='ocrx_word' id='word_1_289' title='bbox 1449 1710 1495 1754; x_wconf 83' lang='lat' dir='ltr'>ai</span> <span class='ocrx_word' id='word_1_290' title='bbox 1513 1704 1602 1752; x_wconf 87' lang='lat' dir='ltr'>fere</span> <span class='ocrx_word' id='word_1_291' title='bbox 1621 1708 1867 1763; x_wconf 87' lang='lat' dir='ltr'>terminare,</span> <span class='ocrx_word' id='word_1_292' title='bbox 1887 1722 1935 1752; x_wconf 92' lang='lat' dir='ltr'>ut</span> <span class='ocrx_word' id='word_1_293' title='bbox 1938 1704 2079 1768; x_wconf 78' lang='lat' dir='ltr'>sokei,</span> <span class='ocrx_word' id='word_1_294' title='bbox 2108 1710 2274 1761; x_wconf 86' lang='lat' dir='ltr'>armai,</span> <span class='ocrx_word' id='word_1_295' title='bbox 2293 1705 2378 1753; x_wconf 84' lang='lat' dir='ltr'>bu-</span> 
     </span>
     <span class='ocr_line' id='line_1_25' title="bbox 101 1770 2378 1841; baseline -0 -21"><span class='ocrx_word' id='word_1_296' title='bbox 101 1828 104 1832; x_wconf 25' lang='lat'>,</span> <span class='ocrx_word' id='word_1_297' title='bbox 164 1778 253 1841; x_wconf 83' lang='lat' dir='ltr'>gei,</span> <span class='ocrx_word' id='word_1_298' title='bbox 275 1791 458 1820; x_wconf 86' lang='lat' dir='ltr'>necnon</span> <span class='ocrx_word' id='word_1_299' title='bbox 479 1778 522 1818; x_wconf 85' lang='lat' dir='ltr'>&#39;m</span> <span class='ocrx_word' id='word_1_300' title='bbox 548 1791 584 1827; x_wconf 87' lang='lat' dir='ltr'>o,</span> <span class='ocrx_word' id='word_1_301' title='bbox 618 1773 693 1818; x_wconf 87' lang='lat' dir='ltr'>ubi</span> <span class='ocrx_word' id='word_1_302' title='bbox 713 1774 962 1818; x_wconf 89' lang='lat' dir='ltr'>terminatio</span> <span class='ocrx_word' id='word_1_303' title='bbox 982 1773 1102 1818; x_wconf 90' lang='lat' dir='ltr'>verbi</span> <span class='ocrx_word' id='word_1_304' title='bbox 1123 1776 1166 1818; x_wconf 91' lang='lat' dir='ltr'>in</span> <span class='ocrx_word' id='word_1_305' title='bbox 1185 1789 1240 1821; x_wconf 83' lang='lat' dir='ltr'>on</span> <span class='ocrx_word' id='word_1_306' title='bbox 1262 1772 1340 1819; x_wconf 92' lang='lat' dir='ltr'>est:</span> <span class='ocrx_word' id='word_1_307' title='bbox 1370 1790 1406 1820; x_wconf 83' lang='lat' dir='ltr'>e.</span> <span class='ocrx_word' id='word_1_308' title='bbox 1425 1789 1467 1833; x_wconf 81' lang='lat' dir='ltr'>g.</span> <span class='ocrx_word' id='word_1_309' title='bbox 1472 1770 1609 1834; x_wconf 82' lang='lat' dir='ltr'>salbo</span> <span class='ocrx_word' id='word_1_310' title='bbox 1636 1790 1660 1818; x_wconf 85' lang='lat' dir='ltr'>a</span> <span class='ocrx_word' id='word_1_311' title='bbox 1678 1771 1867 1835; x_wconf 79' lang='lat' dir='ltr'>salbon,</span> <span class='ocrx_word' id='word_1_312' title='bbox 1896 1773 2002 1818; x_wconf 89' lang='lat' dir='ltr'>dum</span> <span class='ocrx_word' id='word_1_313' title='bbox 2033 1775 2155 1818; x_wconf 86' lang='lat' dir='ltr'>tertia</span> <span class='ocrx_word' id='word_1_314' title='bbox 2183 1773 2378 1819; x_wconf 84' lang='lat' dir='ltr'>vocalem</span> 
     </span>
     <span class='ocr_line' id='line_1_26' title="bbox 168 1836 2377 1906; baseline -0.002 -18"><span class='ocrx_word' id='word_1_315' title='bbox 168 1843 341 1897; x_wconf 85' lang='lat' dir='ltr'>abiicit,</span> <span class='ocrx_word' id='word_1_316' title='bbox 369 1855 418 1885; x_wconf 88' lang='lat' dir='ltr'>ut</span> <span class='ocrx_word' id='word_1_317' title='bbox 435 1843 557 1906; x_wconf 81' lang='lat' dir='ltr'>astet,</span> <span class='ocrx_word' id='word_1_318' title='bbox 579 1841 771 1894; x_wconf 84' lang='lat' dir='ltr'>dimitte,</span> <span class='ocrx_word' id='word_1_319' title='bbox 792 1838 844 1884; x_wconf 86' lang='lat' dir='ltr'>ab</span> <span class='ocrx_word' id='word_1_320' title='bbox 865 1841 1045 1903; x_wconf 79' lang='lat' dir='ltr'>afletan,</span> <span class='ocrx_word' id='word_1_321' title='bbox 1064 1837 1237 1897; x_wconf 81' lang='lat' dir='ltr'>atbair,</span> <span class='ocrx_word' id='word_1_322' title='bbox 1256 1836 1401 1891; x_wconf 83' lang='lat' dir='ltr'>adfer,</span> <span class='ocrx_word' id='word_1_323' title='bbox 1424 1855 1446 1884; x_wconf 89' lang='lat' dir='ltr'>a</span> <span class='ocrx_word' id='word_1_324' title='bbox 1468 1838 1648 1894; x_wconf 85' lang='lat' dir='ltr'>bairan,</span> <span class='ocrx_word' id='word_1_325' title='bbox 1670 1854 1859 1899; x_wconf 87' lang='lat' dir='ltr'>portare.</span> <span class='ocrx_word' id='word_1_326' title='bbox 1930 1838 2100 1885; x_wconf 90' lang='lat' dir='ltr'>Deinde</span> <span class='ocrx_word' id='word_1_327' title='bbox 2122 1840 2199 1885; x_wconf 94' lang='lat' dir='ltr'>ubi</span> <span class='ocrx_word' id='word_1_328' title='bbox 2221 1840 2377 1898; x_wconf 86' lang='lat' dir='ltr'>primae</span> 
     </span>
     <span class='ocr_line' id='line_1_27' title="bbox 169 1902 2375 1971; baseline -0.002 -17"><span class='ocrx_word' id='word_1_329' title='bbox 169 1908 485 1970; x_wconf 84' lang='lat' dir='ltr'>conjugationis</span> <span class='ocrx_word' id='word_1_330' title='bbox 506 1908 790 1967; x_wconf 84' lang='lat' dir='ltr'>participium</span> <span class='ocrx_word' id='word_1_331' title='bbox 815 1903 1024 1965; x_wconf 80' lang='lat' dir='ltr'>paffivum</span> <span class='ocrx_word' id='word_1_332' title='bbox 1041 1907 1090 1951; x_wconf 86' lang='lat' dir='ltr'>in</span> <span class='ocrx_word' id='word_1_333' title='bbox 1112 1902 1201 1953; x_wconf 77' lang='lat' dir='ltr'>iths</span> <span class='ocrx_word' id='word_1_334' title='bbox 1220 1906 1285 1952; x_wconf 79' lang='lat' dir='ltr'>vel</span> <span class='ocrx_word' id='word_1_335' title='bbox 1306 1904 1427 1953; x_wconf 79' lang='lat' dir='ltr'>aitln</span> <span class='ocrx_word' id='word_1_336' title='bbox 1447 1907 1728 1961; x_wconf 85' lang='lat' dir='ltr'>terminatur,</span> <span class='ocrx_word' id='word_1_337' title='bbox 1759 1923 1792 1951; x_wconf 81' lang='lat' dir='ltr'>c.</span> <span class='ocrx_word' id='word_1_338' title='bbox 1817 1922 1857 1964; x_wconf 88' lang='lat' dir='ltr'>g.</span> <span class='ocrx_word' id='word_1_339' title='bbox 1880 1902 2147 1971; x_wconf 82' lang='lat' dir='ltr'>gamelitlzs,</span> <span class='ocrx_word' id='word_1_340' title='bbox 2179 1904 2375 1965; x_wconf 87' lang='lat' dir='ltr'>scriptus,</span> 
     </span>
     <span class='ocr_line' id='line_1_28' title="bbox 169 1968 2377 2035; baseline -0.003 -13"><span class='ocrx_word' id='word_1_341' title='bbox 169 1972 383 2031; x_wconf 80' lang='lat' dir='ltr'>meritlzs,</span> <span class='ocrx_word' id='word_1_342' title='bbox 412 1975 656 2027; x_wconf 81' lang='lat' dir='ltr'>nuntiatuS,</span> <span class='ocrx_word' id='word_1_343' title='bbox 679 1970 920 2035; x_wconf 60' lang='lat' dir='ltr'>salmam,</span> <span class='ocrx_word' id='word_1_344' title='bbox 950 1970 1208 2030; x_wconf 76' lang='lat' dir='ltr'>custoditu33</span> <span class='ocrx_word' id='word_1_345' title='bbox 1241 1973 1370 2019; x_wconf 88' lang='lat' dir='ltr'>altera</span> <span class='ocrx_word' id='word_1_346' title='bbox 1399 1973 1683 2033; x_wconf 84' lang='lat' dir='ltr'>participium</span> <span class='ocrx_word' id='word_1_347' title='bbox 1712 1968 1877 2017; x_wconf 87' lang='lat' dir='ltr'>format</span> <span class='ocrx_word' id='word_1_348' title='bbox 1904 1970 2300 2034; x_wconf 86' lang='lat' dir='ltr'>monosyllabicum</span> <span class='ocrx_word' id='word_1_349' title='bbox 2330 1972 2377 2016; x_wconf 88' lang='lat' dir='ltr'>in</span> 
     </span>
     <span class='ocr_line' id='line_1_29' title="bbox 170 2035 2376 2101; baseline -0.003 -12"><span class='ocrx_word' id='word_1_350' title='bbox 170 2039 243 2089; x_wconf 73' lang='lat' dir='ltr'>ths</span> <span class='ocrx_word' id='word_1_351' title='bbox 261 2040 328 2086; x_wconf 88' lang='lat' dir='ltr'>vel</span> <span class='ocrx_word' id='word_1_352' title='bbox 349 2039 412 2096; x_wconf 89' lang='lat' dir='ltr'>ds,</span> <span class='ocrx_word' id='word_1_353' title='bbox 432 2040 699 2100; x_wconf 71' lang='lat' dir='ltr'>praecedente</span> <span class='ocrx_word' id='word_1_354' title='bbox 722 2036 922 2096; x_wconf 89' lang='lat' dir='ltr'>consona,</span> <span class='ocrx_word' id='word_1_355' title='bbox 950 2053 998 2084; x_wconf 91' lang='lat' dir='ltr'>ut</span> <span class='ocrx_word' id='word_1_356' title='bbox 1019 2039 1181 2087; x_wconf 83' lang='lat' dir='ltr'>munds</span> <span class='ocrx_word' id='word_1_357' title='bbox 1200 2054 1440 2101; x_wconf 78' lang='lat' dir='ltr'>reputatuS,</span> <span class='ocrx_word' id='word_1_358' title='bbox 1462 2035 1638 2092; x_wconf 78' lang='lat' dir='ltr'>kuntlzs,</span> <span class='ocrx_word' id='word_1_359' title='bbox 1665 2053 1818 2093; x_wconf 88' lang='lat' dir='ltr'>notus;</span> <span class='ocrx_word' id='word_1_360' title='bbox 1844 2040 1999 2084; x_wconf 82' lang='lat' dir='ltr'>Tertia</span> <span class='ocrx_word' id='word_1_361' title='bbox 2018 2055 2121 2084; x_wconf 88' lang='lat' dir='ltr'>vero</span> <span class='ocrx_word' id='word_1_362' title='bbox 2142 2054 2226 2086; x_wconf 83' lang='lat' dir='ltr'>ans</span> <span class='ocrx_word' id='word_1_363' title='bbox 2246 2051 2376 2094; x_wconf 83' lang='lat' dir='ltr'>amat,</span> 
     </span>
     <span class='ocr_line' id='line_1_30' title="bbox 170 2101 2376 2169; baseline -0.002 -14"><span class='ocrx_word' id='word_1_364' title='bbox 170 2125 206 2155; x_wconf 86' lang='lat' dir='ltr'>e.</span> <span class='ocrx_word' id='word_1_365' title='bbox 227 2124 267 2168; x_wconf 82' lang='lat' dir='ltr'>g.</span> <span class='ocrx_word' id='word_1_366' title='bbox 288 2106 505 2163; x_wconf 79' lang='lat' dir='ltr'>bundans,</span> <span class='ocrx_word' id='word_1_367' title='bbox 523 2104 708 2161; x_wconf 66' lang='lat' dir='ltr'>vinffiw,</span> <span class='ocrx_word' id='word_1_368' title='bbox 725 2105 994 2169; x_wconf 83' lang='lat' dir='ltr'>gabaurans</span> <span class='ocrx_word' id='word_1_369' title='bbox 1015 2121 1151 2154; x_wconf 78' lang='lat' dir='ltr'>natus,</span> <span class='ocrx_word' id='word_1_370' title='bbox 1196 2107 1297 2153; x_wconf 88' lang='lat' dir='ltr'>Dixi</span> <span class='ocrx_word' id='word_1_371' title='bbox 1329 2101 1380 2151; x_wconf 38' lang='lat' dir='ltr'>in*</span> <span class='ocrx_word' id='word_1_372' title='bbox 1396 2103 1717 2165; x_wconf 88' lang='lat' dir='ltr'>superioribus,</span> <span class='ocrx_word' id='word_1_373' title='bbox 1747 2104 1926 2151; x_wconf 87' lang='lat' dir='ltr'>eandem</span> <span class='ocrx_word' id='word_1_374' title='bbox 1945 2103 2027 2150; x_wconf 88' lang='lat' dir='ltr'>esse</span> <span class='ocrx_word' id='word_1_375' title='bbox 2045 2107 2259 2152; x_wconf 88' lang='lat' dir='ltr'>rationem</span> <span class='ocrx_word' id='word_1_376' title='bbox 2281 2119 2376 2150; x_wconf 79' lang='lat' dir='ltr'>om-</span> 
     </span>
     <span class='ocr_line' id='line_1_31' title="bbox 169 2171 2376 2234; baseline -0.002 -14"><span class='ocrx_word' id='word_1_377' title='bbox 169 2175 294 2221; x_wconf 86' lang='lat' dir='ltr'>nium</span> <span class='ocrx_word' id='word_1_378' title='bbox 321 2172 531 2234; x_wconf 85' lang='lat' dir='ltr'>Scythicae</span> <span class='ocrx_word' id='word_1_379' title='bbox 551 2173 733 2232; x_wconf 86' lang='lat' dir='ltr'>originis</span> <span class='ocrx_word' id='word_1_380' title='bbox 754 2171 1001 2231; x_wconf 85' lang='lat' dir='ltr'>linguarum</span> <span class='ocrx_word' id='word_1_381' title='bbox 1015 2188 1027 2231; x_wconf 83' lang='lat'><em>3</em></span> <span class='ocrx_word' id='word_1_382' title='bbox 1064 2172 1109 2218; x_wconf 87' lang='lat' dir='ltr'>id</span> <span class='ocrx_word' id='word_1_383' title='bbox 1130 2190 1234 2219; x_wconf 91' lang='lat' dir='ltr'>vero</span> <span class='ocrx_word' id='word_1_384' title='bbox 1257 2188 1306 2218; x_wconf 91' lang='lat' dir='ltr'>ut</span> <span class='ocrx_word' id='word_1_385' title='bbox 1326 2173 1478 2233; x_wconf 87' lang='lat' dir='ltr'>paucis</span> <span class='ocrx_word' id='word_1_386' title='bbox 1499 2171 1817 2233; x_wconf 88' lang='lat' dir='ltr'>comprobem,</span> <span class='ocrx_word' id='word_1_387' title='bbox 1851 2171 2060 2218; x_wconf 76' lang='lat' dir='ltr'>nonnulla</span> <span class='ocrx_word' id='word_1_388' title='bbox 2086 2181 2136 2217; x_wconf 88' lang='lat' dir='ltr'>&#39;ex</span> <span class='ocrx_word' id='word_1_389' title='bbox 2161 2171 2376 2232; x_wconf 84' lang='lat' dir='ltr'>antiquio·</span> 
     </span>
     <span class='ocr_line' id='line_1_32' title="bbox 167 2235 2377 2300; baseline -0.001 -16"><span class='ocrx_word' id='word_1_390' title='bbox 167 2239 290 2286; x_wconf 85' lang='lat' dir='ltr'>ribus</span> <span class='ocrx_word' id='word_1_391' title='bbox 312 2236 502 2287; x_wconf 70' lang='lat' dir='ltr'>dialeffis</span> <span class='ocrx_word' id='word_1_392' title='bbox 524 2239 568 2282; x_wconf 86' lang='lat' dir='ltr'>iu</span> <span class='ocrx_word' id='word_1_393' title='bbox 587 2238 782 2283; x_wconf 88' lang='lat' dir='ltr'>medium</span> <span class='ocrx_word' id='word_1_394' title='bbox 806 2235 1048 2297; x_wconf 77' lang='lat' dir='ltr'>proferam.</span> <span class='ocrx_word' id='word_1_395' title='bbox 1120 2236 1440 2300; x_wconf 78' lang='lat' dir='ltr'>Anglosaxones</span> <span class='ocrx_word' id='word_1_396' title='bbox 1468 2238 1584 2286; x_wconf 89' lang='lat' dir='ltr'>idem</span> <span class='ocrx_word' id='word_1_397' title='bbox 1605 2238 1966 2298; x_wconf 77' lang='lat' dir='ltr'>coniugationum</span> <span class='ocrx_word' id='word_1_398' title='bbox 1999 2237 2228 2284; x_wconf 87' lang='lat' dir='ltr'>discrimen</span> <span class='ocrx_word' id='word_1_399' title='bbox 2252 2252 2377 2284; x_wconf 75' lang='lat' dir='ltr'>accu-</span> 
     </span>
     <span class='ocr_line' id='line_1_33' title="bbox 168 2300 2380 2373; baseline -0.001 -21"><span class='ocrx_word' id='word_1_400' title='bbox 168 2321 257 2353; x_wconf 83' lang='lat' dir='ltr'>rate</span> <span class='ocrx_word' id='word_1_401' title='bbox 270 2301 527 2353; x_wconf 68' lang='lat' dir='ltr'>observantx</span> <span class='ocrx_word' id='word_1_402' title='bbox 562 2320 749 2365; x_wconf 86' lang='lat' dir='ltr'>quarum</span> <span class='ocrx_word' id='word_1_403' title='bbox 768 2305 921 2364; x_wconf 87' lang='lat' dir='ltr'>primae</span> <span class='ocrx_word' id='word_1_404' title='bbox 940 2302 1110 2350; x_wconf 74' lang='lat' dir='ltr'>schema</span> <span class='ocrx_word' id='word_1_405' title='bbox 1129 2303 1189 2351; x_wconf 89' lang='lat' dir='ltr'>est</span> <span class='ocrx_word' id='word_1_406' title='bbox 1209 2310 1248 2353; x_wconf 82' lang='lat' dir='ltr'>ic</span> <span class='ocrx_word' id='word_1_407' title='bbox 1266 2307 1400 2373; x_wconf 79' lang='lat' dir='ltr'>lufige</span> <span class='ocrx_word' id='word_1_408' title='bbox 1418 2321 1536 2360; x_wconf 80' lang='lat' dir='ltr'>ame,</span> <span class='ocrx_word' id='word_1_409' title='bbox 1557 2310 1597 2352; x_wconf 79' lang='lat' dir='ltr'>ic</span> <span class='ocrx_word' id='word_1_410' title='bbox 1616 2301 1779 2362; x_wconf 60' lang='lat' dir='ltr'>lufink,</span> <span class='ocrx_word' id='word_1_411' title='bbox 1796 2306 1952 2356; x_wconf 70' lang='lat' dir='ltr'>amavi,</span> <span class='ocrx_word' id='word_1_412' title='bbox 1981 2301 2096 2367; x_wconf 86' lang='lat' dir='ltr'>lusa,</span> <span class='ocrx_word' id='word_1_413' title='bbox 2116 2319 2226 2359; x_wconf 87' lang='lat' dir='ltr'>ama,</span> <span class='ocrx_word' id='word_1_414' title='bbox 2247 2300 2380 2364; x_wconf 81' lang='lat' dir='ltr'>lufbd</span> 
     </span>
     <span class='ocr_line' id='line_1_34' title="bbox 169 2367 2372 2435; baseline -0.001 -17"><span class='ocrx_word' id='word_1_415' title='bbox 169 2371 236 2418; x_wconf 80' lang='lat' dir='ltr'>vel</span> <span class='ocrx_word' id='word_1_416' title='bbox 260 2368 448 2435; x_wconf 84' lang='lat' dir='ltr'>gelufod</span> <span class='ocrx_word' id='word_1_417' title='bbox 477 2386 657 2417; x_wconf 87' lang='lat' dir='ltr'>amatus.</span> <span class='ocrx_word' id='word_1_418' title='bbox 715 2369 899 2421; x_wconf 82' lang='lat' dir='ltr'>Alterius</span> <span class='ocrx_word' id='word_1_419' title='bbox 930 2376 970 2417; x_wconf 79' lang='lat' dir='ltr'>ic</span> <span class='ocrx_word' id='word_1_420' title='bbox 1000 2385 1125 2426; x_wconf 79' lang='lat' dir='ltr'>toece,</span> <span class='ocrx_word' id='word_1_421' title='bbox 1155 2371 1306 2427; x_wconf 90' lang='lat' dir='ltr'>doceo,</span> <span class='ocrx_word' id='word_1_422' title='bbox 1341 2378 1380 2419; x_wconf 83' lang='lat' dir='ltr'>ic</span> <span class='ocrx_word' id='word_1_423' title='bbox 1406 2369 1552 2424; x_wconf 79' lang='lat' dir='ltr'>taehte,</span> <span class='ocrx_word' id='word_1_424' title='bbox 1586 2371 1856 2425; x_wconf 41' lang='lat' dir='ltr'>docuina’c,</span> <span class='ocrx_word' id='word_1_425' title='bbox 1886 2369 2016 2423; x_wconf 91' lang='lat' dir='ltr'>doce,</span> <span class='ocrx_word' id='word_1_426' title='bbox 2047 2368 2175 2426; x_wconf 78' lang='lat' dir='ltr'>ta’lzt,</span> <span class='ocrx_word' id='word_1_427' title='bbox 2205 2367 2372 2415; x_wconf 70' lang='lat' dir='ltr'>doE’tus.</span> 
     </span>
     <span class='ocr_line' id='line_1_35' title="bbox 168 2432 2374 2503; baseline -0.002 -18"><span class='ocrx_word' id='word_1_428' title='bbox 168 2437 379 2485; x_wconf 87' lang='lat' dir='ltr'>Eiusdem</span> <span class='ocrx_word' id='word_1_429' title='bbox 411 2436 549 2484; x_wconf 87' lang='lat' dir='ltr'>tribus</span> <span class='ocrx_word' id='word_1_430' title='bbox 577 2434 674 2482; x_wconf 83' lang='lat' dir='ltr'>sunt</span> <span class='ocrx_word' id='word_1_431' title='bbox 697 2435 920 2500; x_wconf 61' lang='lat' dir='ltr'>bringam</span> <span class='ocrx_word' id='word_1_432' title='bbox 948 2437 1184 2490; x_wconf 84' lang='lat' dir='ltr'>adducere,</span> <span class='ocrx_word' id='word_1_433' title='bbox 1215 2435 1395 2488; x_wconf 73' lang='lat' dir='ltr'>brolne.</span> <span class='ocrx_word' id='word_1_434' title='bbox 1424 2452 1620 2490; x_wconf 86' lang='lat' dir='ltr'>cunnan,</span> <span class='ocrx_word' id='word_1_435' title='bbox 1646 2433 1774 2486; x_wconf 83' lang='lat' dir='ltr'>scire,</span> <span class='ocrx_word' id='word_1_436' title='bbox 1804 2432 1954 2488; x_wconf 69' lang='lat' dir='ltr'>cudae,</span> <span class='ocrx_word' id='word_1_437' title='bbox 1985 2441 2184 2503; x_wconf 79' lang='lat' dir='ltr'>dyrran,</span> <span class='ocrx_word' id='word_1_438' title='bbox 2203 2436 2374 2493; x_wconf 87' lang='lat' dir='ltr'>audere,</span> 
     </span>
     <span class='ocr_line' id='line_1_36' title="bbox 168 2500 2374 2569; baseline -0.002 -17"><span class='ocrx_word' id='word_1_439' title='bbox 168 2503 326 2569; x_wconf 66' lang='lat' dir='ltr'>dorse,</span> <span class='ocrx_word' id='word_1_440' title='bbox 342 2519 585 2569; x_wconf 82' lang='lat' dir='ltr'>gemunan,</span> <span class='ocrx_word' id='word_1_441' title='bbox 605 2502 838 2558; x_wconf 87' lang='lat' dir='ltr'>recordari,</span> <span class='ocrx_word' id='word_1_442' title='bbox 854 2517 1073 2567; x_wconf 82' lang='lat' dir='ltr'>gemunce,</span> <span class='ocrx_word' id='word_1_443' title='bbox 1096 2502 1303 2554; x_wconf 79' lang='lat' dir='ltr'>veorkan,</span> <span class='ocrx_word' id='word_1_444' title='bbox 1328 2502 1508 2555; x_wconf 82' lang='lat' dir='ltr'>efficere,</span> <span class='ocrx_word' id='word_1_445' title='bbox 1530 2500 1699 2549; x_wconf 74' lang='lat' dir='ltr'>vorlue.</span> <span class='ocrx_word' id='word_1_446' title='bbox 1721 2503 1801 2550; x_wconf 69' lang='grc' dir='ltr'>ἃς.</span> <span class='ocrx_word' id='word_1_447' title='bbox 1841 2505 1991 2549; x_wconf 84' lang='lat' dir='ltr'>Tertia</span> <span class='ocrx_word' id='word_1_448' title='bbox 2013 2500 2257 2564; x_wconf 60' lang='lat' dir='ltr'>perfeilum</span> <span class='ocrx_word' id='word_1_449' title='bbox 2279 2518 2374 2548; x_wconf 84' lang='lat' dir='ltr'>mo-</span> 
     </span>
     <span class='ocr_line' id='line_1_37' title="bbox 170 2566 2371 2634; baseline -0.001 -18"><span class='ocrx_word' id='word_1_450' title='bbox 170 2570 486 2634; x_wconf 87' lang='lat' dir='ltr'>nosyllabicum</span> <span class='ocrx_word' id='word_1_451' title='bbox 505 2569 635 2615; x_wconf 84' lang='lat' dir='ltr'>habet</span> <span class='ocrx_word' id='word_1_452' title='bbox 652 2583 703 2614; x_wconf 89' lang='lat' dir='ltr'>ut</span> <span class='ocrx_word' id='word_1_453' title='bbox 716 2566 889 2633; x_wconf 64' lang='lat' dir='ltr'>gestan,</span> <span class='ocrx_word' id='word_1_454' title='bbox 909 2569 1067 2623; x_wconf 81' lang='lat' dir='ltr'>videre,</span> <span class='ocrx_word' id='word_1_455' title='bbox 1086 2567 1236 2633; x_wconf 54' lang='grc' dir='ltr'>ἔφυ,</span> <span class='ocrx_word' id='word_1_456' title='bbox 1266 2571 1389 2626; x_wconf 84' lang='lat' dir='ltr'>vidit,</span> <span class='ocrx_word' id='word_1_457' title='bbox 1404 2568 1606 2634; x_wconf 71' lang='lat' dir='ltr'>gaess‘ven,</span> <span class='ocrx_word' id='word_1_458' title='bbox 1627 2566 1753 2623; x_wconf 76' lang='lat' dir='ltr'>visus,</span> <span class='ocrx_word' id='word_1_459' title='bbox 1777 2574 1946 2629; x_wconf 74' lang='lat' dir='ltr'>niman,</span> <span class='ocrx_word' id='word_1_460' title='bbox 1970 2587 2134 2631; x_wconf 86' lang='lat' dir='ltr'>capere,</span> <span class='ocrx_word' id='word_1_461' title='bbox 2155 2585 2278 2626; x_wconf 85' lang='lat' dir='ltr'>nam,</span> <span class='ocrx_word' id='word_1_462' title='bbox 2309 2585 2371 2614; x_wconf 87' lang='lat' dir='ltr'>ce-</span> 
     </span>
     <span class='ocr_line' id='line_1_38' title="bbox 169 2632 1882 2698; baseline 0.001 -15"><span class='ocrx_word' id='word_1_463' title='bbox 169 2639 250 2697; x_wconf 64' lang='lat' dir='ltr'>pit,</span> <span class='ocrx_word' id='word_1_464' title='bbox 267 2653 438 2692; x_wconf 83' lang='lat' dir='ltr'>namen,</span> <span class='ocrx_word' id='word_1_465' title='bbox 454 2652 603 2696; x_wconf 83' lang='lat' dir='ltr'>captus</span> <span class='ocrx_word' id='word_1_466' title='bbox 615 2632 800 2697; x_wconf 64' lang='lat' dir='ltr'>fiseltan,</span> <span class='ocrx_word' id='word_1_467' title='bbox 817 2636 949 2690; x_wconf 85' lang='lat' dir='ltr'>mori,</span> <span class='ocrx_word' id='word_1_468' title='bbox 953 2640 1104 2697; x_wconf 79' lang='lat' dir='ltr'>sveolc</span> <span class='ocrx_word' id='word_1_469' title='bbox 1122 2652 1324 2696; x_wconf 81' lang='lat' dir='ltr'>mortuus</span> <span class='ocrx_word' id='word_1_470' title='bbox 1346 2636 1415 2691; x_wconf 84' lang='lat' dir='ltr'>est,</span> <span class='ocrx_word' id='word_1_471' title='bbox 1429 2633 1633 2698; x_wconf 71' lang='lat' dir='ltr'>sivolten,</span> <span class='ocrx_word' id='word_1_472' title='bbox 1664 2650 1809 2680; x_wconf 85' lang='lat' dir='ltr'>mortu</span> <span class='ocrx_word' id='word_1_473' title='bbox 1818 2653 1882 2684; x_wconf 61' lang='lat' dir='ltr'>us,</span> 
     </span>
     <span class='ocr_line' id='line_1_39' title="bbox 371 2697 2367 2766; baseline -0.001 -17"><span class='ocrx_word' id='word_1_474' title='bbox 371 2703 623 2750; x_wconf 84' lang='lat' dir='ltr'>Alemannis</span> <span class='ocrx_word' id='word_1_475' title='bbox 647 2704 792 2766; x_wconf 84' lang='lat' dir='ltr'>prima</span> <span class='ocrx_word' id='word_1_476' title='bbox 823 2703 1072 2762; x_wconf 84' lang='lat' dir='ltr'>coniugatio</span> <span class='ocrx_word' id='word_1_477' title='bbox 1103 2697 1233 2749; x_wconf 78' lang='lat' dir='ltr'>etiam</span> <span class='ocrx_word' id='word_1_478' title='bbox 1259 2701 1520 2765; x_wconf 84' lang='lat' dir='ltr'>trisyllabica</span> <span class='ocrx_word' id='word_1_479' title='bbox 1546 2701 1605 2747; x_wconf 87' lang='lat' dir='ltr'>est</span> <span class='ocrx_word' id='word_1_480' title='bbox 1634 2703 1676 2746; x_wconf 85' lang='lat' dir='ltr'>in</span> <span class='ocrx_word' id='word_1_481' title='bbox 1705 2704 1924 2761; x_wconf 74' lang='lat' dir='ltr'>praeterito</span> <span class='ocrx_word' id='word_1_482' title='bbox 1949 2720 1987 2750; x_wconf 88' lang='lat' dir='ltr'>e.</span> <span class='ocrx_word' id='word_1_483' title='bbox 2007 2719 2051 2761; x_wconf 78' lang='lat' dir='ltr'>g.</span> <span class='ocrx_word' id='word_1_484' title='bbox 2080 2697 2283 2756; x_wconf 76' lang='lat' dir='ltr'>machon,</span> <span class='ocrx_word' id='word_1_485' title='bbox 2309 2698 2367 2747; x_wconf 79' lang='lat' dir='ltr'>fa-</span> 
     </span>
     <span class='ocr_line' id='line_1_40' title="bbox 171 2765 2369 2834; baseline -0.001 -19"><span class='ocrx_word' id='word_1_486' title='bbox 171 2785 279 2826; x_wconf 85' lang='lat' dir='ltr'>cere,</span> <span class='ocrx_word' id='word_1_487' title='bbox 298 2769 428 2817; x_wconf 84' lang='lat' dir='ltr'>habet</span> <span class='ocrx_word' id='word_1_488' title='bbox 446 2766 678 2826; x_wconf 78' lang='lat' dir='ltr'>macheda,</span> <span class='ocrx_word' id='word_1_489' title='bbox 696 2765 929 2817; x_wconf 59' lang='lat' dir='ltr'>mechom:</span> <span class='ocrx_word' id='word_1_490' title='bbox 958 2770 1069 2833; x_wconf 88' lang='lat' dir='ltr'>imp.</span> <span class='ocrx_word' id='word_1_491' title='bbox 1090 2769 1255 2827; x_wconf 77' lang='lat' dir='ltr'>nmehe,</span> <span class='ocrx_word' id='word_1_492' title='bbox 1276 2787 1388 2830; x_wconf 84' lang='lat' dir='ltr'>part.</span> <span class='ocrx_word' id='word_1_493' title='bbox 1411 2767 1511 2830; x_wconf 84' lang='lat' dir='ltr'>pass</span> <span class='ocrx_word' id='word_1_494' title='bbox 1507 2803 1518 2816; x_wconf 83' lang='lat'><strong><em>.</em></strong></span> <span class='ocrx_word' id='word_1_495' title='bbox 1536 2768 1784 2834; x_wconf 78' lang='lat' dir='ltr'>gemachot.</span> <span class='ocrx_word' id='word_1_496' title='bbox 1841 2769 1993 2817; x_wconf 87' lang='lat' dir='ltr'>Altera</span> <span class='ocrx_word' id='word_1_497' title='bbox 2014 2769 2187 2816; x_wconf 88' lang='lat' dir='ltr'>brevior</span> <span class='ocrx_word' id='word_1_498' title='bbox 2206 2765 2265 2813; x_wconf 87' lang='lat' dir='ltr'>est</span> <span class='ocrx_word' id='word_1_499' title='bbox 2285 2784 2369 2813; x_wconf 79' lang='lat' dir='ltr'>una</span> 
     </span>
     <span class='ocr_line' id='line_1_41' title="bbox 171 2832 2369 2901; baseline 0 -21"><span class='ocrx_word' id='word_1_500' title='bbox 171 2832 353 2897; x_wconf 82' lang='lat' dir='ltr'>syllaba:</span> <span class='ocrx_word' id='word_1_501' title='bbox 397 2853 433 2885; x_wconf 84' lang='lat' dir='ltr'>e.</span> <span class='ocrx_word' id='word_1_502' title='bbox 463 2853 491 2898; x_wconf 88' lang='lat' dir='ltr'>g</span> <span class='ocrx_word' id='word_1_503' title='bbox 531 2834 741 2901; x_wconf 83' lang='lat' dir='ltr'>bringan,</span> <span class='ocrx_word' id='word_1_504' title='bbox 771 2834 1006 2899; x_wconf 81' lang='lat' dir='ltr'>adducere,</span> <span class='ocrx_word' id='word_1_505' title='bbox 1033 2833 1215 2894; x_wconf 68' lang='lat' dir='ltr'>brume,</span> <span class='ocrx_word' id='word_1_506' title='bbox 1242 2836 1436 2894; x_wconf 81' lang='lat' dir='ltr'>durren,</span> <span class='ocrx_word' id='word_1_507' title='bbox 1474 2836 1655 2893; x_wconf 85' lang='lat' dir='ltr'>audere,</span> <span class='ocrx_word' id='word_1_508' title='bbox 1680 2835 1904 2901; x_wconf 76' lang='lat' dir='ltr'>gidorlia,</span> <span class='ocrx_word' id='word_1_509' title='bbox 1946 2832 2137 2891; x_wconf 77' lang='lat' dir='ltr'>denken,</span> <span class='ocrx_word' id='word_1_510' title='bbox 2167 2837 2369 2895; x_wconf 79' lang='lat' dir='ltr'>cogitare,</span> 
     </span>
    </p>
   </div>
   <div class='ocr_carea' id='block_1_3' title="bbox 168 2899 2362 3013">
    <p class='ocr_par' dir='ltr' id='par_1_3' title="bbox 168 2899 2362 3013">
     <span class='ocr_line' id='line_1_42' title="bbox 168 2899 2291 3011; baseline 0.001 -62"><span class='ocrx_word' id='word_1_511' title='bbox 168 2899 342 2960; x_wconf 76' lang='lat' dir='ltr'>thalna,</span> <span class='ocrx_word' id='word_1_512' title='bbox 346 2899 533 2964; x_wconf 76' lang='lat' dir='ltr'>findan,</span> <span class='ocrx_word' id='word_1_513' title='bbox 549 2904 732 2960; x_wconf 79' lang='lat' dir='ltr'>mittere,</span> <span class='ocrx_word' id='word_1_514' title='bbox 735 2899 896 2966; x_wconf 77' lang='lat' dir='ltr'>fimta.</span> <span class='ocrx_word' id='word_1_515' title='bbox 2280 2967 2291 3011; x_wconf 64' lang='lat' dir='ltr'>l</span> 
     </span>
     <span class='ocr_line' id='line_1_43' title="bbox 2238 2970 2362 3013; baseline 0.016 -2"><span class='ocrx_word' id='word_1_516' title='bbox 2238 2970 2277 3012; x_wconf 66' lang='lat'>15</span> <span class='ocrx_word' id='word_1_517' title='bbox 2296 2985 2362 3013; x_wconf 72' lang='lat' dir='ltr'>an⁴</span> 
     </span>
    </p>
   </div>
  </div>
 </body>
</html>
