2473 3380
912 99 1236 155 LUCAE.
1307 102 1451 173 Isll.
2197 123 2259 173 57

52 233 125 279 30.
152 231 260 264 runa
282 212 412 275 goths
440 207 688 275 fraietlnm
716 208 908 279 andstk.
931 216 974 276 c)
1076 216 1080 219 ‘
1191 227 1272 273 30.
1309 213 1549 262 Consilium
1567 216 1652 262 Dei
1677 216 1986 278 improbarunt
2011 218 2063 266 de
2094 217 2153 271 se.

50 301 128 347 31,
161 283 204 342 ’Ὁ
226 280 311 341 qhe
334 297 393 325 nu
414 278 601 340 galeiko.
624 277 708 327 ἃς.
1194 296 1272 345 31.
1309 283 1394 329 Cui
1427 299 1532 342 ergo
1565 280 1824 333 affimilabc),
2027 309 2030 311 ·

51 367 124 415 32.
142 345 475 414 ,swiglodedum
503 345 564 404 d)
603 347 736 394 izwis.
786 346 862 410 jah
891 348 937 393 ni
967 344 1111 409 plinfi-
1195 362 1270 406 32.
1306 347 1454 394 Tibiis
1485 345 1742 395 canebamus
1772 349 1925 406 vobiS,
1961 350 2002 396 ὅ(
2020 367 2110 398 non
2139 350 2253 402 salta·

113 415 291 465 deduth.
331 409 644 479 gaunodedum
683 415 725 472 e)
778 415 912 462 izwiS.
1257 413 1350 461 stis:
1386 414 1735 462 lamentabamur
1762 416 1902 464 vobis,

49 498 128 545 34.
163 479 239 530 sai.
276 474 672 542 manne-afetjaf)
704 480 779 542 jah
799 476 1111 541 weindrugkja.
1195 493 1273 540 34.
1309 483 1418 527 Ecce
1444 481 1584 527 homo
1614 481 1718 528 edax
1749 482 1790 528 &
1809 483 2054 544 vinipotor.

51 563 125 611 35,
159 545 273 594 fram
310 546 488 593 barnam
501 541 700 609 seinaim
723 545 783 612 g)
814 546 978 592 allaim.
1194 560 1272 605 35.
1312 550 1346 591 A
1370 545 1515 592 liberis
1545 545 1632 594 suis
1666 548 1893 598 omnibus,

47 630 126 677 37.
162 616 299 675 quino
326 615 373 658 in
403 612 537 659 thizai
567 611 715 672 baurg.
735 611 809 676 fii
827 610 881 675 h)
912 627 996 657 was
1027 607 1112 656 fra·
1194 626 1273 671 37.
1310 611 1478 657 Mulier
1510 615 1555 658 in
1583 613 1664 660 hac
1697 614 1826 672 urbe,
1863 631 1961 675 quae
1990 611 2136 665 fuerat
2162 634 2260 679 pec·

111 682 321 729 wauhrta.
351 676 435 742 jah
458 675 496 739 τ’)
517 675 829 725 ufkunnandei
851 678 985 723 thatei
1010 692 1112 721 ana·
1256 678 1410 732 catix,
1446 677 1489 722 &
1513 676 1720 737 resciens,
1756 683 1879 741 quod
1911 683 2185 730 accumberet
2215 687 2260 730 in

107 745 325 797 kumbida
343 749 390 793 in
411 760 559 793 razna
582 741 672 794 this
679 741 966 807 farezstnaus
984 739 1109 807 brig-
1259 743 1397 788 domo
1419 742 1638 802 Pharisaei,
1673 744 1857 793 afferens
1885 747 2145 796 alabastrum
2174 750 2259 799 bal-

107 813 279 881 gandei
307 809 616 876 alabalstraun
636 809 687 874 k)
718 808 946 872 balstzm‘s:
1259 805 1384 856 sami.

49 888 126 943 38.
157 880 232 942 jah
260 877 505 925 standandei
542 874 664 922 faura
701 872 849 922 fotum
879 878 922 923 is
955 871 1113 938 aftaro
1196 882 1268 934 38.
1305 877 1360 919 Et
1380 871 1491 919 stans
1510 875 1562 920 ad
1582 875 1721 935 pedes'
1740 877 1832 922 eius
1862 895 2003 938 pone,
2039 880 2144 927 flens
2176 900 2255 929 coe·

110 944 385 1013 greitandei.
420 947 605 1008 dugann
637 942 798 1006 natjan
816 940 865 1004 l)
883 939 1049 1004 fotuns
1075 944 1115 988 is
1258 942 1326 1002 pit
1354 942 1495 1001 rigare
1524 942 1654 1001 pedes
1684 944 1777 988 eius
1808 943 1998 990 lacrimis
2025 946 2067 992 <Sc
2086 948 2256 1007 capilla-

112 1027 314 1079 tagram.
337 1008 425 1074 jah
438 1005 614 1072 skufta
639 1004 852 1056 haubidis
863 1006 1010 1072 seinis
1024 1006 1115 1055 bis<
1258 1022 1408 1053 mento
1439 1009 1590 1067 capitis
1621 1005 1686 1054 sui
1714 1009 1927 1069 tergebat,
1964 1010 2007 1057 ὅ(
2035 1013 2253 1061 osculaba⁴

115 1076 259 1127 warh.
303 1073 393 1140 jalz
419 1072 586 1123 kukida
601 1071 758 1137 fotum
784 1079 836 1127 is.
859 1071 948 1139 jah
963 1071 1115 1141 gqfizl·
1260 1088 1330 1122 tur
1359 1071 1492 1135 pedes
1521 1077 1635 1132 eius,
1670 1074 1714 1123 δε
1731 1075 1920 1137 ungebat
1938 1076 2157 1129 balsamoz

61 1180 63 1182 >
113 1143 230 1194 boda
259 1141 462 1191 thamma
491 1139 690 1205 bafflma.

2176 1226 2255 1273 39·

151 1340 217 1379 bie
240 1335 395 1377 observo
409 1364 421 1383 ,
447 1348 490 1374 ac
508 1334 605 1375 infra
622 1348 699 1386 cap.
727 1347 787 1381 10,
815 1347 875 1387 ²9·
895 1336 929 1374 8<
952 1338 1011 1383 16,
1031 1347 1090 1382 15.
1110 1337 1214 1375 unde
1232 1335 1336 1375 haud
1355 1346 1496 1375 temere
1514 1337 1722 1385 concludo,
1755 1339 1920 1387 Gothos,
1953 1339 2107 1381 caruisse
2138 1342 2254 1384 verbo

152 1390 419 1443 respondente,
448 1402 494 1439 gr
527 1384 679 1426 δικκιόω.
723 1390 782 1427 De
803 1387 952 1438 dony'an.
979 1402 1003 1427 v
1031 1390 1055 1440 J
1089 1389 1122 1426 ἃ
1144 1391 1184 1429 St
1216 1390 1255 1427 in
1274 1388 1476 1428 Gloffriis.

100 1446 139 1498 c)
166 1442 309 1484 Eadem
327 1441 378 1481 est
394 1442 488 1479 ratio
505 1440 617 1479 huius
636 1440 729 1486 loci,
755 1454 790 1479 v.
810 1441 843 1492 J
864 1442 898 1478 ὅ(
916 1441 971 1480 St.
1027 1439 1294 1492 lnfinjetlnm,
1323 1443 1429 1493 quoti
1446 1440 1498 1480 est
1513 1441 1634 1492 rifi-a,
1663 1441 1709 1481 de
1728 1455 1805 1493 quo
1822 1444 1948 1494 paullo
1966 1455 2074 1484 antea
2091 1449 2254 1499 egimus,

126 1518 131 1521 <
154 1496 352 1548 &jiukam
382 1493 537 1545 probare
550 1522 558 1538 ,
585 1506 730 1531 vovere.
787 1494 1010 1544 Reperimus
1028 1493 1122 1532 illud
1133 1506 1247 1547 gaeta,
1277 1494 1381 1546 quod
1399 1495 1590 1547 hodieque
1609 1494 1808 1547 usurpatur
1830 1497 1870 1534 in
1891 1496 2052 1537 dialeffis
2071 1501 2254 1548 Gothicis,

153 1547 427 1601 significatione
444 1546 693 1599 praedicandi,
719 1546 976 1598 approbandi,
1001 1546 1181 1586 laudandi
1202 1549 1271 1586 δίε.
1291 1548 1395 1587 unde
1407 1560 1522 1601 gaeten
1543 1562 1646 1596 man,
1673 1550 1728 1588 vir
1745 1549 1918 1597 celebris,
1947 1551 2140 1600 laudatus,
2185 1554 2251 1594 cfi·.

154 1604 247 1643 editi
268 1601 380 1641 Benzi
405 1614 444 1651 p.
475 1612 564 1640 211.
595 1600 688 1641 item
710 1599 831 1653 &Fregel
852 1600 893 1638 in
914 1599 1027 1639 Gloff.
1061 1614 1084 1640 v
1113 1601 1228 1652 jaeta.
1272 1600 1328 1640 ibi
1359 1615 1448 1641 vero
1477 1601 1603 1641 obiter
1633 1601 1868 1649 notandum,
1911 1605 1987 1655 pati
2019 1607 2254 1647 reverendiss.

153 1656 349 1697 auetorem
377 1651 522 1704 aliquid
546 1651 726 1700 humani,
754 1652 928 1704 dumjalz
945 1653 1051 1700 than,
1079 1656 1140 1691 καὶ
1162 1651 1218 1701 δὲ,
1248 1655 1343 1706 quin
1362 1656 1418 1701 ἅ,
1452 1655 1553 1707 apud
1571 1655 1769 1708 Ulphilam
1797 1654 1872 1708 Joh
1919 1668 1977 1704 ις,
2005 1669 2066 1703 27,
2093 1659 2253 1699 verbum

153 1708 244 1756 esse,
274 1709 308 1746 ὅ(
327 1706 452 1753 idem,
482 1706 588 1758 quod
605 1706 666 1747 lat.
686 1705 825 1757 testari,
850 1708 1040 1759 opinatur.
1115 1704 1230 1747 Porro
1258 1722 1294 1750 v.
1318 1707 1422 1746 Ver-el
1450 1709 1489 1747 in
1509 1709 1657 1756 Indice,
1701 1710 1736 1747 ὅ(
1771 1708 1985 1748 Wachterus
2008 1710 2050 1749 in
2072 1711 2253 1754 Gloffai'io

150 1777 187 1815 p.
212 1773 301 1812 590.
356 1760 770 1812 Ceteroquinlegimus
788 1772 880 1798 cum
898 1761 938 1799 B.
965 1756 1123 1811 andfik3
1159 1774 1289 1802 annon
1316 1775 1404 1801 vero
1430 1763 1564 1802 reffius
1586 1759 1744 1813 anafilc?
1790 1763 1922 1808 Certe,
1967 1761 2131 1815 spatium
2156 1767 2254 1806 inter

142 1813 340 1869 fivjethun
357 1810 481 1864 &sz'k‚
512 1823 625 1865 atque
645 1813 870 1860 scintillulae,
900 1827 983 1865 quae
1000 1812 1157 1858 restant,
1191 1825 1376 1867 argenteae
1395 1816 1513 1854 trium
1533 1815 1690 1867 quidem
1716 1816 1925 1854 litterarum
1944 1815 2177 1867 praestntiam
2199 1834 2254 1859 ar-

155 1877 307 1921 guunt;
336 1877 372 1906 at
390 1868 480 1905 certi
509 1866 603 1919 quid
626 1880 673 1906 ex
692 1867 775 1906 loco
794 1866 935 1906 codicis
952 1868 1061 1918 plane
1088 1866 1215 1914 exeso,
1251 1869 1334 1907 erui
1359 1881 1439 1907 non
1462 1868 1603 1920 potest:
1642 1882 1711 1907 nec
1743 1879 1870 1908 tamen
1894 1868 2136 1912 dissimulabo
2145 1901 2155 1920 ,
2191 1886 2256 1913 me

155 1934 224 1960 ana
240 1922 343 1973 prl‘us
362 1918 511 1971 legisse,
539 1933 656 1972 quam
676 1921 715 1959 in
732 1933 868 1958 manus
887 1921 991 1964 venit
1009 1933 1151 1972 nupera
1169 1922 1296 1961 editio.
1325 1935 1361 1963 v.
1381 1923 1500 1961 Marc.
1524 1934 1556 1969 3,
1583 1921 1648 1963 26.

101 1974 141 2027 *)
165 1976 190 2027 J
221 1975 256 2013 ὃ(
275 1975 328 2012 St.
350 1974 470 2012 invito
488 1973 617 2012 codice
631 2002 640 2020 ,
667 1975 903 2026 praemittunt
921 1972 1030 2025 qnatlz
1046 1973 1238 2025 tlzanfan,
1266 1976 1290 2014 i.
1308 1989 1342 2015 e.
1362 1974 1458 2013 dixit
1483 1986 1614 2014 autem
1631 1975 1845 2023 Dominus,
1882 1988 1966 2027 quae
1980 1975 2090 2029 verba
2108 1976 2256 2018 codices

156 2027 269 2080 graeci
284 2027 442 2079 plurimi
460 2039 614 2078 quoque
634 2026 793 2067 habent:
822 2029 851 2070 B
882 2037 1011 2066 autem
1027 2026 1106 2065 haec
1128 2026 1248 2066 exesse
1267 2027 1403 2067 iubens
1424 2041 1471 2067 ex
1493 2027 1650 2082 Bengelio
1671 2027 1801 2076 docet,
1838 2028 1992 2068 illorum
2010 2029 2084 2067 ἰιπε
2112 2029 2147 2069 δὲ
2162 2032 2180 2067 0¹
2200 2026 2257 2069 ,ω’-

157 2095 224 2131 geo<
240 2093 287 2119 ex
304 2080 525 2118 lefflonariis
548 2078 743 2132 irrepsisse:
773 2080 835 2119 cfr>
857 2093 969 2131 porro
991 2080 1081 2120 edit⁴
1103 2079 1258 2118 Millian.
1278 2095 1303 2132 p
1333 2094 1386 2120 m.
1418 2093 1501 2129 144.

105 2131 156 2181 el)
181 2134 218 2184 J.
236 2134 271 2170 ὅ(
289 2135 330 2171 St
361 2132 491 2171 minus
511 2133 628 2171 reete:
647 2130 917 2184 fivigalodedum
925 2147 941 2178 ‚-
967 2132 1019 2170 est
1033 2134 1137 2171 enim
1155 2145 1175 2171 a
1182 2131 1366 2185 fivigyarz,
1390 2146 1542 2182 canere,
1576 2134 1683 2186 quod
1701 2133 1787 2174 vide
1802 2133 1945 2174 Matth.
1964 2145 2001 2186 9,
2023 2150 2041 2174 2
2053 2148 2085 2183 3.

37 2204 40 2207 Δ
105 2184 142 2233 e)
172 2186 214 2223 In
231 2184 404 2235 margine
423 2183 563 2222 codicis
584 2183 699 2222 exstat
720 2182 867 2233 lzufism,
893 2184 999 2235 quod
1016 2186 1057 2223 in
1074 2194 1181 2223 textu
1198 2187 1361 2224 occurrit
1377 2186 1517 2225 Matth.
1540 2198 1600 2232 11,
1624 2198 1684 2232 17.
1741 2189 1890 2225 Vocem
1916 2187 2029 2226 refert
2045 2189 2185 2237 Junius
2209 2190 2257 2230 ad

158 2236 321 2288 haffjtn,
348 2236 545 2275 lamentari
552 2250 564 2282 3
592 2236 727 2274 reffius
743 2249 831 2277 vero
852 2236 1028 2278 fintenus.
1054 2237 1181 2276 iudice
1199 2236 1375 2284 Benzelio,
1403 2237 1450 2275 ad
1468 2237 1514 2275 lzn
1535 2251 1582 2275 an
1600 2239 1657 2277 vel
1676 2237 1824 2287 liirtfhn,
1851 2251 1929 2288 quo
1956 2252 2047 2277 cum
2077 2244 2256 2281 convenit

158 2288 320 2341 Anglos.
338 2288 471 2339 heofian
490 2290 549 2328 vel
565 2287 741 2342 heofigan,
769 2289 921 2340 lugere,
950 2290 983 2327 ὅ(
1003 2289 1057 2328 Isl.
1078 2289 1163 2337 hoa,
1198 2303 1333 2329 vocem
1352 2290 1514 2329 clamore
1533 2292 1567 2329 ὃ(
1596 2303 1711 2330 canru
1733 2290 1947 2333 intendere.
2017 2294 2077 2332 De
2097 2307 2254 2347 gaunon,

160 2344 223 2382 cui
242 2341 355 2381 affine
374 2341 425 2381 est
442 2339 601 2393 Anglos.
614 2354 746 2395 geonge
763 2342 821 2380 vel
838 2354 995 2395 gomge,
1021 2344 1211 2393 gemitus,
1240 2357 1276 2382 v.
1296 2344 1348 2382 St.
1368 2344 1408 2382 in
1427 2342 1542 2383 Gloff.
1559 2357 1583 2396 p
1617 2357 1680 2392 70.

94 2393 152 2447 f)
178 2394 420 2446 Editi-cy‘i’zess
447 2396 546 2434 male
556 2409 568 2442 3
595 2408 687 2433 nam
705 2392 814 2445 afetja
833 2393 945 2446 ipfius
964 2395 1104 2434 codicis
1124 2394 1196 2442 est,
1226 2410 1266 2436 v,
1287 2393 1426 2436 Matth.
1455 2409 1468 2434 1
1483 2409 1514 2444 1,
1540 2408 1602 2447 19.
1625 2397 1665 2435 in
1685 2395 1772 2435 dato
1790 2395 1992 2449 specimine
2009 2395 2056 2436 ad
2081 2410 2168 2450 pag.
2192 2397 2256 2439 16.

159 2449 375 2540 3)εὲἱείιοῖὶῖ
392 2447 453 2539 ἵζ’,
482 2462 564 2501 quae
580 2449 621 2487 in
638 2446 854 2499 compositis
874 2448 1106 2500 quibusdam
1125 2449 1280 2489 denotat
1306 2448 1517 2497 excessum,
1554 2451 1588 2489 ὅ(
1609 2462 1689 2488 etan
1717 2449 1777 2490 vel
1791 2451 1886 2498 itan,
1913 2449 2036 2494 edere.
2062 2450 2127 2490 cfn
2148 2452 2254 2504 Spec.

211 2515 233 2539 o
269 2532 275 2538 .
366 2515 389 2552 p
423 2533 427 2538 .

105 2555 148 2606 g)
175 2556 198 2606 J
218 2552 374 2604 fiinama
390 2554 430 2592 St
451 2551 663 2604 fiinamma:
697 2562 907 2605 utrumque
924 2567 1132 2607 perperam.

104 2608 153 2656 Ji)
181 2606 281 2646 Editi
291 2603 352 2656 fh,
380 2605 535 2657 perinde
554 2604 625 2644 est:
649 2606 834 2644 veriorem
857 2617 986 2646 tamen
1004 2607 1199 2647 reddimus
1219 2607 1437 2651 stelionem,
1482 2623 1516 2648 v.
1543 2612 1638 2651 Luc,
1660 2623 1694 2656 2,
1715 2621 1750 2657 4.
1770 2609 1863 2662 Joh.
1891 2621 1950 2657 12,
1969 2620 2032 2656 17.
2051 2619 2112 2661 29.

117 2662 144 2710 ι’)
173 2662 208 2713 J.
229 2662 262 2698 ὅ(
281 2660 334 2698 St.
344 2656 433 2710 fhh,
487 2658 567 2698 uod
584 2672 655 2697 nec
674 2657 815 2706 codici,
841 2673 966 2711 neque
985 2659 1103 2700 sensui
1121 2660 1305 2713 scriptoris
1324 2664 1520 2715 congruit.
1583 2665 1625 2702 B.
1648 2663 1859 2702 emendate.

112 2711 153 2763 Ic)
182 2714 209 2751 B
240 2713 333 2764 legit
347 2709 460 2749 alabal
489 2724 591 2749 raum
602 2725 614 2758 3
659 2711 767 2751 leffio
786 2723 915 2752 autern
933 2713 1071 2753 codicis
1090 2713 1205 2754 nostri
1221 2727 1343 2767 graeco
1360 2710 1571 2767 ω’λαίᾶσιε-ςσν
1590 2717 1741 2770 propior
1758 2715 1918 2755 videtur.
1980 2716 2040 2755 De
2059 2714 2162 2754 vocis
2183 2716 2256 2756 ori·

165 2767 257 2818 gine
277 2770 311 2804 ὅε
331 2762 543 2816 fignificatu
560 2764 703 2815 prolixe
720 2775 842 2817 agunt
869 2768 1154 2820 Lexicographi.

115 2818 149 2870 l)
178 2819 322 2871 natjan,
350 2819 490 2866 lavare,
520 2817 623 2856 unde
639 2820 809 2870 praeterit.
821 2818 1010 2872 ganatida,
1036 2821 1122 2861 vide
1140 2819 1225 2861 infr.
1250 2835 1284 2861 v.
1304 2833 1370 2871 44.
1389 2823 1424 2862 8<
1443 2819 1507 2860 cfr.
1527 2823 1562 2874 J.
1581 2822 1617 2861 &
1641 2822 1697 2863 St0
1730 2823 1773 2862 it.
1797 2820 1979 2860 Waclzter.
2005 2820 2047 2860 in
2064 2832 2156 2861 voce
2173 2818 2259 2872 nqffi

167 2872 282 2912 Addo
300 2873 425 2918 Fenn,
453 2869 596 2922 nestaen,
623 2870 788 2920 destillo,
815 2886 837 2911 a
858 2871 968 2924 neste,
995 2874 1140 2925 liquor,
1169 2874 1332 2925 humor,
1358 2875 1460 2929 apud
1484 2873 1697 2925 Jusleninm.

1196 2933 1246 2974 H
