2473 3380
402 104 745 158 E-SBERGII
779 99 1139 154 ULPHILAS
1173 99 1584 153 GOTHORUM
1611 101 2012 155 EPISCOPUS.
2234 114 2301 163 29

87 217 283 280 possent,
315 215 545 280 scriptores
573 213 768 277 spePtatae
796 213 896 262 fidei
924 216 1072 277 plures
1100 233 1191 261 uno
1221 232 1297 261 ore
1325 212 1547 262 testantur.
1617 212 1829 274 Cumque
1854 216 2012 262 Valens
2035 215 2117 264 An.
2137 208 2302 261 Christi

89 289 204 347 364.
225 287 464 346 imperator
480 282 530 330 sit
547 283 862 345 proclamatuS‚
899 281 1057 328 obierit
1083 297 1227 328 autem
1250 288 1334 329 An.
1356 279 1514 328 Christi
1539 295 1592 343 3?
1602 295 1654 337 9,
1691 281 1793 326 hinc
1821 280 1901 338 est,
1936 280 2058 340 quod
2084 280 2196 329 circa
2214 278 2299 324 hos

87 353 280 398 maxime
301 366 435 396 annos
463 349 658 396 historici
688 365 815 410 atque
836 349 1098 411 chronologi
1121 342 1324 413 Ulphc'lae
1351 345 1464 410 gesta
1492 362 1864 403 commemorent,
1899 362 1948 394 ut
1978 364 2000 393 e
2030 344 2225 407 sequenti
2242 359 2300 392 ta—

87 415 199 465 bella
218 416 372 464 clarius
390 414 594 479 patescet.

981 502 1049 551 Ul
1079 500 1198 550 lzilas
1240 500 1393 548 floruit

87 572 138 617 A.
158 570 218 618 D.
244 575 353 628 360.
388 568 632 616 Secundum
655 568 776 617 nobil
809 519 1362 630 Georgiumpstiernhielm
1384 569 1427 613 in
1447 562 1703 629 praefatione
1729 566 1782 614 ad
1804 566 2007 634 Ulplti'lae
2036 563 2268 627 evangeli&

89 640 145 683 A.
165 638 224 683 D.
250 642 362 697 365.
399 637 594 697 Heupel.
614 638 660 682 in
682 635 968 682 dissertatione
991 637 1063 685 cit,

88 706 143 751 Α.
159 704 217 750 D.
246 716 355 764 330.
390 705 532 748 Baron
551 704 596 748 in
616 701 858 749 annalibus.
925 699 1070 748 Sixtus
1089 697 1279 748 Senensis
1310 700 1356 744 in
1381 696 1647 749 bibliotheca
1672 698 1829 752 sanae.
1863 698 1914 763 b)
1982 702 2170 763 Morery
2199 697 2304 748 dans

159 768 201 814 le
220 767 356 829 grand
375 766 633 817 diffionaire
663 765 918 826 historique.

90 840 147 883 A.
169 836 226 883 D.
248 849 361 896 373.
395 837 469 898 J0.
488 851 512 880 a
537 833 778 898 Wbrburg
795 830 894 881 hist.
913 835 1053 881 Tom.
1081 845 1124 897 3.

87 905 143 947 A.
168 902 223 951 D.
246 915 353 962 377.
388 905 459 964 Jo.
481 899 651 948 Vasaeus
671 901 716 945 in
736 900 889 946 chron.
909 915 1059 945 rerum
1086 898 1201 961 hisp.

89 969 148 1015 A.
167 968 224 1016 D.
252 976 363 1028 380.
399 967 574 1016 Flavius
593 968 752 1014 Dexter
769 967 815 1012 in
833 964 1057 1013 Chronico
1078 966 1349 1014 omnimodae
1373 966 1580 1018 historiae·

1089 1075 1129 1136 ς.
1200 1079 1301 1129 vn.

224 1161 492 1253 Ulphila
517 1185 661 1233 cum
686 1160 934 1233 Gothis
957 1161 1230 1232 Daciam
1261 1165 1505 1254 primo,
1553 1163 1790 1234 deinde
1816 1128 2171 1234 Thraciam

862 1255 1243 1338 Moefiamque
1281 1257 1529 1317 incoluit.
1649 1286 1653 1288 -

229 1377 392 1435 Neque
412 1374 465 1420 de
482 1374 622 1436 patria
642 1369 846 1439 Ulphilae
863 1368 962 1421 satis
981 1376 1094 1421 inter
1112 1372 1344 1435 scriptores
1362 1373 1578 1422 convenit.
1647 1371 1733 1420 Alii
1753 1375 1870 1421 enim
1887 1368 2101 1432 Moesiam,
2129 1373 2202 1419 alii
2222 1374 2309 1420 Da-

92 1443 230 1500 ciam;
265 1459 343 1489 nec
362 1439 512 1487 desunt
532 1443 607 1500 qui
626 1440 862 1487 Thraciam
883 1442 969 1488 illis
988 1440 1266 1501 temporibus
1287 1460 1310 1487 a
1329 1441 1490 1487 Gothis
1513 1439 1749 1487 habitatam
1769 1438 1998 1486 affirment.
2034 1443 2180 1503 Qam
2203 1437 2305 1486 scri·-

92 1511 291 1557 bendum
311 1506 593 1554 diversitatem
614 1507 712 1553 inde
730 1523 991 1569 promanare
1012 1504 1341 1553 existimaverim
1357 1545 1368 1564 ,
1403 1507 1523 1566 quod
1545 1508 1685 1553 Gothi
1715 1524 1762 1553 ea
1782 1505 2033 1568 tempestate
2054 1504 2157 1552 fixas
2179 1507 2308 1552 mini·

91 1591 167 1624 me
186 1573 303 1621 sedes
327 1572 582 1629 habuerint,
616 1570 687 1619 sed
710 1591 827 1620 nunc
846 1575 1051 1630 externis,
1087 1591 1201 1620 nunc
1222 1574 1421 1621 civilibus
1447 1571 1630 1619 infestati
1649 1573 1787 1630 bellis,
1807 1571 1951 1620 solum
1970 1571 2153 1619 subinde
2171 1586 2308 1618 verte·

89 1659 139 1689 re
157 1640 468 1698 domiciliaque
490 1655 656 1686 mutare
675 1638 835 1687 necesse
853 1640 1101 1689 habuerint.
1172 1639 1221 1686 Id
1250 1657 1353 1687 vero
1383 1638 1567 1695 constat,
1600 1657 1676 1686 eos
1706 1656 1807 1686 cum
1824 1635 2043 1704 Ulplzila,
2076 1653 2309 1698 antequam

93 1707 364 1776 pellerenttq
387 1704 440 1751 ab
467 1707 671 1762 Hunnis,
704 1708 902 1767 regiones
931 1710 1076 1754 Trans
1101 1706 1403 1763 Danubianas‚
1439 1705 1521 1752 sive
1550 1722 1647 1764 quae
1675 1706 1879 1752 Thraciae
1907 1704 2161 1764 Mcesiaeque
2189 1719 2310 1751 trans

92 1772 252 1821 Istrum
272 1773 486 1826 obiacent,
511 1770 711 1832 tenuisse3
747 1772 848 1818 inde
868 1790 970 1820 vero
993 1770 1195 1833 depulsos
1215 1772 1270 1819 ab
1290 1775 1554 1834 imperatore
1574 1773 1752 1819 Valente
1771 1775 1815 1818 in
1832 1772 2072 1818 Thraciam
2091 1769 2312 1817 Moesiam-

95 1857 183 1902 que
202 1839 282 1886 effe
300 1835 534 1898 susceptos.
602 1841 665 1884 Ex
686 1840 922 1885 Ammiano
943 1839 1205 1886 Marcellino
1231 1837 1461 1895 discimus,
1494 1837 1690 1895 Valenti,
1726 1840 1850 1886 cuius
1880 1839 2167 1898 imperatoria
2191 1835 2308 1884 sedes

94 1922 184 1954 erat
202 1905 437 1969 Byzantii,
471 1906 640 1963 quoties
659 1901 858 1951 adversus
881 1906 1058 1953 Gothos
1085 1921 1205 1952 arma
1234 1903 1365 1952 essent
1393 1904 1622 1965 capienda,
1656 1905 1910 1952 Danubium
1938 1901 2064 1950 fuisse
2091 1905 2312 1951 traiicien-

96 1973 223 2035 dum.
257 1975 320 2018 Ita
338 1972 456 2016 enim
475 1968 642 2019 scribitz
677 1971 725 2030 a)
754 1969 1010 2036 pubescente
1039 1987 1163 2028 vere,
1196 1976 1374 2035 quaesito
1399 1976 1444 2020 in
1471 1986 1609 2018 uniam
1637 1975 1868 2028 exercitu,
1896 1985 2040 2036 prope
2059 1968 2310 2037 Daphnem

94 2042 268 2088 nomine
291 2039 609 2086 munimentum
626 2039 682 2103 est
700 2040 841 2102 castra
861 2049 1080 2086 metatus:
1109 2049 1327 2103 ponteque
1345 2035 1627 2088 contabulato
1643 2033 1789 2103 supra
1805 2039 1987 2087 navium
1996 2033 2311 2104 forosflumm

92 2101 405 2172 transgreffus
422 2106 477 2168 1st
495 2103 728 2169 Histrum,
763 2104 1055 2171 rqfssentibus
1076 2105 1234 2161 nullis,
1269 2107 1311 2152 δι
1330 2122 1455 2151 mox:
1490 2103 1622 2153 Anno
1634 2102 1790 2167 ficato
1812 2104 1994 2173 ingredi
2010 2115 2167 2154 terras
2185 2099 2309 2168 hosti-

95 2172 161 2223 les
173 2174 286 2238 pari
300 2172 540 2220 alacritate
554 2182 756 2227 conatw3
777 2170 934 2234 fusius
953 2171 1161 2220 Danubii
1183 2170 1449 2238 gurgitibus
1476 2175 1658 2235 vagatis
1688 2171 1949 2237 impeditus,
1983 2185 2088 2219 man
2121 2184 2140 2218 t
2159 2175 2310 2219 immo-

92 2237 214 2291 bilis.
281 2241 380 2285 Nec
401 2237 681 2284 Marcellinus
700 2253 866 2284 tantum
884 2274 893 2293 ,
925 2255 1078 2285 verum
1098 2238 1140 2284 ὃ(
1159 2239 1246 2295 alii,
1275 2241 1351 2299 qui
1371 2239 1422 2286 cle
1441 2238 1605 2285 Gothis
1625 2238 1717 2284 eius
1736 2240 1951 2300 temporis
1968 2240 2204 2297 quicquam
2222 2253 2310 2284 me·

93 2308 248 2354 moriae
266 2303 580 2368 prodiderunt,
613 2303 755 2350 sedem
777 2305 861 2350 illis
883 2319 996 2351 trans
1016 2304 1273 2351 Danubium
1293 2303 1568 2366 assignarunt.
1637 2307 1933 2353 Sozomenus:
1966 2302 2014 2362 b)
2032 2308 2163 2353 Γότθοι
2184 2309 2259 2364 γδς
2277 2313 2308 2351 δι

93 2377 139 2422 Ν
156 2381 261 2433 πέζαν
276 2377 357 2432 'ss-gu
374 2377 527 2428 ποτωμέ
541 2377 584 2417 ‘to'
599 2382 676 2431 πςὶι
702 2372 785 2431 ᾗκεν
811 2382 847 2418 ἐκ
872 2378 935 2417 vii·
962 2371 1080 2419 οἵλλων
1105 2376 1291 2432 βοιςβοῖςων
1318 2377 1475 2432 bugini.
1545 2370 1674 2419 Nam
1701 2368 1850 2421 Gothi
1873 2374 1952 2437 qvi
1975 2369 2309 2435 transflsirum

81 2437 279 2505 fluvium
297 2446 401 2484 ante
419 2429 711 2493 habitabant,
745 2433 803 2483 89⁹
823 2437 932 2484 aliis
958 2435 1247 2502 imperabant
1265 2436 1516 2494 Bai-baris,
1550 2435 1609 2486 ab
1630 2437 1818 2486 Hunnis
1846 2438 1946 2487 inde
1973 2439 2118 2486 exacti
2137 2440 2183 2484 in
2197 2435 2311 2499 fines

90 2504 401 2554 Romanorum
422 2517 590 2551 venere.
656 2501 878 2551 Socrates:
906 2503 951 2559 c)
967 2511 998 2551 ἐι
1017 2511 1120 2562 πέζαν
1138 2509 1185 2550 τε
1198 2508 1280 2563 ’lega
1297 2507 1470 2563 ssdessaeeec
1489 2514 1519 2550 tt
1538 2508 1727 2563 „animm
1745 2510 1892 2554 ravan..
1951 2500 2158 2552 Barbari
2172 2513 2308 2551 trans

91 2570 261 2632 Istrum
290 2571 548 2626 incolentes,
581 2575 659 2633 qui
688 2571 985 2634 appellantur
1010 2564 1184 2615 Gottlzi.
1253 2566 1419 2614 Auster
1445 2567 1635 2617 historiae
1665 2568 1886 2617 miscellae:
1921 2570 1974 2630 α’)
2009 2567 2147 2619 Gotlzi
2174 2580 2310 2617 trans
2363 2592 2366 2593 ⁷

88 2638 256 2706 Istrum
278 2638 515 2699 constituti.
585 2638 830 2697 Procopius
856 2638 901 2682 in
922 2634 1185 2683 Vandalicis,
1204 2635 1263 2695 ἐ)
1332 2632 1472 2682 Gothi
1489 2648 1635 2683 autem
1654 2638 1822 2701 {sirum
1850 2635 2129 2699 tratfiuntes
2152 2639 2309 2703 primo

87 2701 263 2770 quidem
282 2717 312 2751 a
330 2702 546 2770 maleficio
564 2717 651 2751 non
668 2701 1004 2769 temperabant,
1037 2701 1171 2749 donec
1190 2704 1478 2815 pegntittente
1497 2705 1771 2769 imperatore
1797 2701 1845 2752 T
1836 2699 2011 2753 hraciae
2034 2703 2132 2754 loca
2151 2704 2308 2753 incole·-

1302 2782 1327 2830 3
2191 2781 2311 2821 rent.

145 2891 187 2942 b)
205 2894 384 2995 Ῑόιζςίέὸςὸθ.
464 2892 503 2944 c>
528 2890 583 2934 lib.
599 2906 653 2945 27·
680 2906 708 2935 c.
726 2907 761 2944 5.
840 2888 885 2942 d)
912 2888 1008 2945 Hist.
1029 2890 1106 2935 eccl.
1133 2890 1156 2933 1.
1176 2892 1208 2934 6.
1233 2903 1260 2931 c.
1278 2892 1335 2942 36,
1414 2891 1454 2944 e)
1479 2884 1574 2943 Hss.
1601 2886 1672 2935 eccl.
1703 2888 1726 2931 l.
1748 2904 1787 2943 4.
1813 2890 1917 2944 027.
1984 2888 2045 2943 f)
2071 2888 2128 2934 lib.
2144 2864 2188 2936 ta,
2216 2903 2246 2933 c.
2266 2904 2311 2936 ιε.

193 2957 235 3000 g·
314 2975 323 2988 .
341 2958 368 2990 ι.
386 2958 418 2992 ο.
433 2958 464 2986 3.
