2473 3380
285 135 391 188 DE
425 126 684 186 CODICE
717 112 1038 180 ARGENT.
1073 127 1180 179 ET
1201 123 1563 180 LITTERAT.
1595 122 2056 179 MEOSOGOTH.
2180 141 2277 197 μᾶ

57 249 156 295 Nec
183 248 372 302 mirum,
406 226 456 291 ult
472 258 594 290 antea
614 240 763 290 sumus
781 239 982 304 profeffi,
1018 238 1097 298 est,
1131 237 1576 301 fi'qui‘Alexandrit'e,
1609 239 1655 283 in
1674 236 2135 289 marismedite-rranei
2155 234 2272 284 insu·

55 313 131 368 lis,
166 329 239 360 aut
259 314 397 372 magis
415 308 704 357 diffitisorbis
721 308 919 370 partibus
948 308 1173 369 religionis
1201 306 1439 354 christianae
1468 303 1695 353 historiam
1714 303 1957 360 tradidere,
1995 299 2200 365 Ulplu'loe
2218 316 2269 352 ut

54 378 258 425 versionis
275 377 540 436 bibliorum,
572 378 632 422 ita
659 376 983 438 &inventionis
1010 375 1276 433 litterarum,
1313 389 1503 434 quarum
1531 371 1855 433 tum=primum
1876 371 2153 422 mentionem
2171 367 2267 417 fieri

53 440 170 492 forte
196 443 479 501 audiverunt,
515 442 702 504 gloriam
720 440 1033 504 affignaverint.
1182 441 1184 443 ’
1798 459 1802 463 ·
1838 462 1840 464 -
1948 462 1951 464 -
2066 452 2070 462 ’
2223 444 2226 449 “

989 553 1027 612 ς.
1091 552 1290 601 xxxm.

188 643 299 707 Qiae
317 639 522 695 hastenus
543 641 596 688 de
618 642 771 694 litteris
790 636 1125 699 Moesogotbicis
1144 640 1267 701 allata
1285 636 1403 694 sunt,
1437 635 1492 683 ad
1520 635 1723 694 ordinem
1754 635 1798 682 in
1827 634 1986 698 primis
2016 632 2060 680 ὅ(
2074 632 2270 682 valorem

50 706 376 759 arithmeticum
399 726 499 754 cum
523 710 677 755 Graeco
698 703 1128 765 collatumspessant.
1196 706 1358 750 Suadet
1378 720 1492 749 nunc
1514 702 1693 749 instituti
1724 704 1859 759 ratio,
1892 718 1946 749 vut
1966 700 2010 746 in
2031 700 2270 751 'earundem

54 775 299 834 originem,
335 776 480 834 quoad
508 774 600 820 fieri
634 771 781 835 possit,
820 772 859 817 8<
889 786 1022 830 quam
1051 770 1293 818 brevissime
1320 772 1607 829 inquiramus.
1679 772 1742 814 Ex
1763 767 2033 825 Graeciskeas
2063 763 2269 814 conflatas

5 880 8 881 γ
51 838 158 897 esse,
196 843 447 887 communis
468 839 526 886 est
545 838 777 886 dogiorurn
797 839 969 898 opinio.
1007 871 1013 882 τ
1038 840 1184 883 Immo
1203 843 1332 895 vero,
1367 838 1559 896 Graecas,
1593 836 1743 880 latinas
1760 830 2268 894 Gothicasquesororias

53 904 159 961 effe,
195 907 380 965 quilibet
400 907 493 952 illas
513 906 577 952 vel
594 906 735 951 obiter
752 902 1335 964 adspiciensfanimadvertet.
1401 900 1648 948 Discrimeu
1675 915 1820 946 autem
1844 899 1977 955 illud,
2012 899 2135 957 quod
2155 899 2268 943 inter

50 970 236 1031 lingulas
256 972 526 1028 observatur,
560 969 852 1032 affignandum
877 970 976 1014 binc
994 972 1210 1031 tempori,
1245 967 1367 1029 quod
1397 970 1442 1014 in
1465 969 1628 1024 onmia,
1648 969 1694 1012 in
1720 967 1879 1026 primis
1902 981 2005 1010 vero
2033 965 2079 1007 in
2106 963 2266 1008 littera·

49 1053 150 1084 rum
173 1036 331 1098 figuras
351 1041 440 1083 vim
461 1036 780 1092 suam-exercet,
810 1035 913 1081 inde
936 1036 1104 1092 diverso
1124 1037 1372 1097 linguarum
1399 1036 1553 1096 genio,
1591 1035 1668 1094 qui
1691 1033 1798 1079 alios
1826 1031 2021 1094 aliosque
2052 1027 2182 1075 sonos
2201 1044 2268 1081 re-

48 1105 212 1161 quirit,
245 1104 287 1149 &
311 1104 410 1148 hinc
429 1119 516 1167 pro
537 1120 582 1148 re
604 1118 696 1161 nata
717 1101 807 1148 haec
822 1115 968 1162 σοιχεῖρι
988 1105 1171 1161 amittit,
1206 1103 1278 1148 illa
1298 1100 1508 1155 adsciscit.
1575 1104 1729 1162 Quum
1747 1115 1886 1160 porro
1914 1097 2021 1148 adeo
2040 1085 2267 1153 manifesta

47 1167 286 1219 similitudo
307 1170 546 1229 litterarum
570 1167 679 1228 casui
699 1165 885 1213 adscribi
908 1184 1116 1227 nequeat,
1151 1167 1364 1229 superest,
1398 1184 1447 1215 ut
1471 1168 1691 1223 dicamus,
1723 1180 1797 1212 aut
1821 1164 1878 1211 ab
1903 1180 1993 1218 una
2014 1176 2138 1222 gente
2159 1157 2266 1226 cete*

45 1231 207 1296 rassua
229 1232 430 1296 haufiss'e,
463 1249 536 1280 aut
552 1233 734 1295 singulas
755 1251 778 1279 a
799 1236 1025 1280 communi
1044 1231 1190 1294 fonte:
1227 1237 1405 1281 tertium
1424 1251 1514 1279 non
1535 1234 1676 1280 datur.
2254 1235 2258 1237 ’

180 1301 312 1363 Quod
335 1302 386 1346 ad
407 1301 563 1346 latinos
582 1302 754 1356 attinet,
784 1301 844 1345 illi
866 1303 984 1357 ultro
1005 1300 1176 1360 ipfimet
1198 1298 1412 1359 fatentur,
1443 1318 1466 1346 a
1490 1299 1675 1359 ‚Pelasgis
1695 1296 1762 1345 vel
1783 1312 1936 1344 eorum
1966 1291 2161 1355 cognatis
2180 1293 2262 1338 Ar-

46 1364 240 1424 cadibus,
259 1367 418 1412 litteras
441 1368 486 1411 in
513 1367 680 1412 Italiam
709 1365 903 1412 adveEias
931 1364 1068 1416 fuisse,
1137 1365 1379 1426 Supersunt
1405 1369 1552 1425 itaque
1579 1366 1725 1411 Graeci
1754 1363 1983 1421 Gothique
2014 1359 2116 1414 soli,
2149 1360 2264 1405 inter

45 1449 159 1492 quos
186 1434 238 1478 de
261 1434 507 1479 inventione
526 1434 768 1478 litterarum
790 1447 1003 1478 certamen
1031 1431 1111 1477 effe
1131 1430 1280 1493 poffit.
1348 1437 1597 1492 Antequam
1628 1447 1756 1486 vero,
1792 1428 1914 1488 quod
1940 1426 2075 1488 probi
2105 1425 2261 1470 iudicis

44 1497 126 1556 est,
159 1514 392 1562 utramque
412 1513 581 1559 partem
601 1498 855 1556 audiamus,
890 1497 1042 1545 letteri
1071 1515 1173 1544 meo
1200 1498 1483 1545 iudicandum
1508 1497 1736 1557 relinquo,
1772 1512 1917 1542 annon
1945 1494 2111 1539 mirum
2130 1488 2260 1546 foret,

42 1563 97 1626 fi,
133 1567 212 1624 qui
239 1563 446 1626 hat-:lenus
475 1564 649 1627 Scythis
679 1579 847 1611 tantum
878 1564 1139 1621 tribuerant,
1172 1566 1339 1622 Graeci,
1382 1566 1460 1624 qui
1484 1579 1640 1610 eorum
1677 1565 1724 1608 in
1752 1561 1904 1607 litteris
1931 1558 2136 1607 ordinem
2168 1562 2259 1602 tam

41 1629 206 1691 presse,
239 1631 384 1691 quoad
408 1645 630 1690 poterant,
665 1628 796 1676 secuti
822 1629 941 1688 sunt,
975 1633 1051 1690 qui
1071 1630 1123 1676 ab
1144 1632 1298 1678 iisdem
1321 1647 1610 1677 numerorum
1637 1626 1885 1675 dofiirinam
1916 1622 2172 1680 hauserant,
2206 1639 2260 1669 ex

42 1693 269 1757 discipulis
291 1702 396 1742 mox
412 1694 603 1756 magistri
625 1694 789 1747 fierent,
858 1700 984 1744 Certe
1008 1712 1238 1756 antequam
1271 1695 1438 1743 somnia
1464 1695 1543 1742 esse
1560 1694 1747 1756 lingula,
1784 1709 1879 1753 quae
1907 1691 2157 1746 attulimus,
2187 1687 2258 1735 de·¹

39 1760 329 1809 monstratum
348 1760 504 1822 fueri13
534 1763 758 1809 inclinabit
783 1764 981 1820 animuS,
1014 1779 1064 1810 ut
1083 1759 1322 1812 secundum
1344 1765 1523 1826 Scythas
1545 1759 1797 1807 sententiam
1818 1756 2035 1813 feramus,
2069 1755 2111 1803 ἃ
2132 1757 2256 1803 Grae«-

30 1844 116 1894 ‘cos
143 1843 231 1875 tam
251 1829 493 1875 litterarum
512 1825 721 1885 formam,
740 1846 876 1888 quam
896 1830 1110 1890 reliquam
1133 1830 1186 1875 de
1206 1847 1356 1876 earum
1377 1831 1532 1876 ordine
1564 1828 1606 1874 (St
1634 1827 1783 1874 valore
1817 1822 2064 1872 dofiirinam
2089 1821 2145 1870 ab
2165 1821 2256 1867 illis

38 1893 243 1960 haufiffe,
274 1892 528 1948 statuamUS.
596 1895 677 1942 Sed
699 1898 921 1943 veniamus
942 1898 986 1941 in
1004 1913 1096 1942 rem
1116 1895 1383 1958 praesentem,
1414 1897 1456 1943 ὅ(
1476 1893 1594 1960 ipsos
1616 1893 1819 1939 Hellenas
1837 1890 2083 1938 audiamus.
2120 1891 2264 1948 Com-·

39 1963 189 2008 munis
209 1958 443 2008 dostorum
458 1998 468 2017 ,
500 1960 658 2021 illaque
683 1977 877 2009 veterum
907 1960 1123 2023 suffragiis
1141 1979 1231 2008 non
1252 1962 1472 2019 destituta,
1508 1962 1663 2022 opinio
1684 1958 1765 2016 est,
1803 1956 2044 2013 Cadmum,
2079 1972 2101 2001 e
2123 1954 2254 2000 Phoe-

41 2028 154 2077 nicia
177 2029 459 2074 inGraeciam
478 2029 857 2083 transmittentem,
893 2027 1052 2075 litteras
1070 2030 1246 2075 Graecos
1267 2031 1467 2090 primum
1488 2025 1701 2083 docuisse,
1736 2026 1806 2072 cui
1825 2025 1911 2079 rei,
1946 2037 2102 2084 praeter
2119 2018 2253 2067 histo-

38 2093 238 2147 ricorum
258 2093 487 2141 Herodoti
507 2093 780 2153 aliorumque
799 2092 1066 2152 testimonia,
1101 2095 1146 2141 id
1172 2097 1438 2155 patrocinari
1465 2095 1659 2150 videtur,
1694 2092 1815 2152 quod
1843 2092 1993 2138 litterae
2025 2090 2069 2134 in
2093 2103 2251 2148 genere

38 2165 210 2215 paulum,
239 2165 406 2217 qvom'xem
437 2159 546 2205 olim
568 2159 619 2206 ab
645 2160 818 2206 auetore
840 2161 881 2206 &
898 2160 997 2207 loco
1020 2160 1148 2208 natali
1167 2162 1394 2222 appellatae
1410 2158 1600 2217 fuerint,
1635 2160 1677 2205 ὅ(
1694 2165 1880 2218 maurigena
1900 2157 2040 2217 legere
2060 2154 2250 2210 denotet,

37 2237 81 2271 v·
103 2219 314 2274 Chtshuli
330 2229 446 2273 notis
464 2224 527 2272 ad
546 2226 700 2274 Diras
724 2227 932 2287 Teiorum
952 2243 999 2287 p·
1027 2242 1135 2274 101.
1206 2229 1374 2273 Verum
1393 2229 1510 2273 enim
1530 2243 1651 2282 vero,
1677 2240 1817 2284 quum
1843 2220 2043 2271 Cadmus
2063 2238 2154 2267 non
2173 2217 2254 2267 nisi

37 2293 103 2335 60
123 2291 243 2336 annis
261 2289 424 2337 bellurn
450 2294 700 2339 Troianum
731 2293 1023 2349 anteverterit,
1054 2294 1220 2338 mirum
1250 2289 1389 2351 foret,
1418 2291 1449 2338 fi
1478 2290 1674 2338 universa
1693 2292 1952 2337 Graecorum
1981 2288 2124 2343 natio,
2160 2286 2251 2333 iam

36 2353 112 2400 diu
130 2355 293 2403 viribus
312 2357 508 2418 pollens,
542 2359 741 2420 imperiis
759 2358 949 2415 firmata,
983 2358 1153 2419 legibus
1174 2356 1405 2413 instrusta,
1439 2359 1482 2406 ὃ(
1511 2359 1799 2416 commerciis,
1818 2372 1919 2402 cum
1945 2355 2049 2403 aliis.
2065 2369 2156 2399 non
2175 2368 2249 2398 ru-

36 2419 164 2467 dibus
183 2422 383 2481 gentibus
403 2427 556 2482 mixta,
587 2428 711 2472 omni
729 2440 818 2472 tam
839 2425 917 2472 diu
938 2422 1175 2472 litteratura
1194 2424 1418 2486 caruiffet3
1453 2427 1620 2473 mirum
1641 2425 1804 2481 etiam,
1828 2420 1857 2467 fi
1879 2440 1927 2469 ex
1950 2434 2008 2470 22
2027 2419 2248 2475 Cadmeis,

35 2503 128 2533 non
158 2487 234 2533 nifi
262 2486 446 2536 sedecim
479 2490 737 2552 adoptasset,
778 2492 983 2553 illasque,
1015 2489 1160 2538 versus
1190 2510 1211 2539 a
1242 2491 1405 2540 finistra
1432 2493 1486 2539 ad
1515 2494 1707 2539 dextram
1737 2489 1960 2544 ducendo,
1996 2484 2247 2534 invertisset.

33 2555 181 2600 Immo
201 2570 305 2600 vero
326 2556 445 2614 quod
469 2557 523 2603 ad
544 2560 742 2618 primum
770 2560 943 2615 attinet,
979 2560 1248 2615 contrarium
1268 2558 1439 2621 ipfimer
1459 2561 1602 2606 Graeci
1633 2559 1804 2605 docent.
1873 2550 2167 2624 Eustachii-f,
2202 2553 2249 2608 ln.

24 2614 207 2681 scholiis
225 2621 280 2666 ad
299 2621 489 2671 Homer-2
508 2635 635 2679 ’mna
656 2628 701 2674 B.
722 2643 762 2674 v.
786 2635 873 2685 841
895 2661 906 2682 ‚
943 2627 1097 2684 tradit,
1131 2636 1229 2672 ante
1247 2627 1558 2690 cataclysmum
1582 2627 1981 2681 Deucalionoeum,
2015 2622 2091 2681 qui
2112 2618 2248 2665 maxi-

31 2701 152 2750 mnm
174 2687 365 2748 regionis
391 2704 562 2749 partem
584 2691 883 2749 inundaverat,
920 2692 962 2738 ὅτ
986 2692 1149 2742 Cactml
1176 2692 1337 2738 accefl'u
1374 2695 1566 2739 anterior
1592 2707 1703 2747 erat,
1741 2692 1941 2751 Pelasgos
1969 2686 2084 2734 solos
2103 2683 2246 2747 fuifl‘e,

34 2754 111 2813 qui
133 2753 393 2801 Graecorum
421 2755 620 2816 pristinas
645 2759 803 2811 litteras
834 2757 1194 2812 conservaverint,
1232 2758 1271 2811 ἔς
1290 2764 1350 2816 naq*
1365 2766 1464 2817 μετ-αἶ
1482 2766 1538 2806 ‘nir
1555 2763 1808 2815 „arama-pau
1827 2765 1942 2803 σεῖε-αι
1961 2761 2164 2811 τοῖτοιχεῖω
2181 2760 2246 2813 μα’τ·
2270 2772 2274 2773 ’

32 2843 86 2893 3⁸⁶
104 2827 210 2880 4³4⁰·st
267 2823 498 2867 Recentior
518 2823 699 2882 quidem
721 2821 987 2886 Eustachius
1004 2824 1083 2878 est,
1122 2842 1255 2886 quam
1284 2840 1331 2869 ut
1358 2827 1402 2870 in
1430 2824 1540 2870 adeo
1559 2838 1738 2869 remotae
1769 2823 2034 2880 antiquitatis
2063 2822 2245 2879 negotio

31 2885 216 2943 idoneus
244 2886 288 2937 ὅ(
306 2885 415 2936 satis·
432 2888 633 2954 locuples
659 2888 953 2942 testissscenseri
974 2890 1128 2957 poffitz
1161 2891 1233 2939 sed
1254 2907 1399 2939 narrat
1417 2891 1463 2941 id
1485 2908 1576 2940 non
1603 2905 1693 2939 tam
1718 2886 1946 2951 suassipfius
1966 2884 2075 2945 fide,
2110 2903 2246 2945 quam

1174 2961 1216 3007 D
1236 2958 1263 3007 d
1303 2972 1342 3021 3*
1469 2991 1477 2995 ‚
2086 2954 2240 3015 potius
