2473 3380
889 84 1213 141 LUCAE.
1289 87 1451 142 XIX.
2114 71 2262 151 '81

52 214 133 253 22.
156 198 246 266 jah
266 196 498 267 quathdu
530 198 682 248 imma.
718 213 771 247 us
794 199 982 250 muntlza
1001 202 1119 251 thei-

115 284 301 317 namma
316 269 445 329 stoja
473 262 587 314 tlzuk
614 263 783 331 unfilja
821 265 980 333 skalk.
1026 267 1119 331 jah

115 335 213 382 lata
244 332 405 397 wff’is
435 332 477 392 c)
510 331 651 381 thatei
673 332 722 381 ik
748 349 914 383 manna
944 334 1120 383 hardus

40 414 43 416 ’
81 447 83 449 ,
113 403 193 448 im.
228 400 446 450 nimands
469 397 615 448 thatez·
635 403 683 447 ni
704 399 864 466 lagida
889 398 1120 465 jalzstzei-

115 464 284 515 thancls
308 466 455 516 thatei
483 470 533 514 ni
553 463 686 529 fizfi).

48 545 126 590 23.
157 530 239 592 jah
267 530 335 583 dci
374 531 457 594 qlze
487 537 535 581 ni
565 531 792 598 atlagides
826 531 956 581 tlzata
967 531 1122 599 silubr

114 601 232 646 mein
264 601 325 649 du
336 597 585 662 skattjam
616 600 716 661 jah.
735 599 975 663 quimands
1005 596 1122 651 mitlz

112 665 266 714 wokra
290 664 346 729 d)
373 665 728 733 galausidedjau
753 664 908 714 thata:
930 665 1020 725 **'‘)

50 745 128 790 24.
158 731 233 793 jah
262 732 334 782 du.
359 734 447 782 ἃς.

48 808 129 856 27,
152 795 306 847 'thaz'ei
334 798 379 862 e)
414 802 456 862 J,
484 799 526 846 δε
547 802 605 850 St,
635 797 782 845 thatei.

50 878 130 925 30.
161 874 383 931 gaggats.
398 865 465 927 f)
500 869 561 913 St.
590 862 813 925 gangathS.

52 943 126 986 31.
157 931 232 992 jah
252 930 363 994 jabai
391 933 498 991 qhas
527 933 673 994 inquis
693 932 746 993 g)
778 925 980 973 fraihnai.

51 1009 126 1056 33.
162 996 546 1046 Andbina'andam
573 995 675 1041 than
704 996 781 1039 im.
805 994 894 1059 gg)
936 996 1041 1056 Jun.
1074 993 1117 1040 ἃ

114 1065 177 1112 St.
197 1063 542 1109 andbindandam.
920 1079 929 1094 N

50 1141 126 1189 35.
162 1129 368 1174 attauhun
389 1128 517 1174 thana
540 1124 660 1173 fulan
680 1123 839 1189 iag'fiaea.
862 1122 909 1183 lz)

49 1208 129 1255 37.
167 1193 410 1254 dugunnun
452 1192 606 1256 alakjo
653 1196 693 1252 i)
729 1193 943 1252 managei.

49 1259 109 1308 ib.
131 1261 175 1304 in
194 1260 347 1306 allaizo
377 1258 503 1308 thoze
518 1258 689 1325 fiqlzun
708 1259 756 1318 k)
783 1259 943 1306 mahte.

52 1334 130 1388 38·
166 1324 375 1376 wultlzus.
405 1328 443 1387 l)
483 1326 538 1373 St
572 1325 740 1370 wultus.

50 1407 133 1455 42·
169 1389 323 1442 thatei.
368 1392 441 1442 St.
477 1387 669 1440 thathei.
703 1388 771 1451 m)

1197 213 1278 250 22.
1311 203 1367 247 Et
1385 201 1494 248 dixit
1514 200 1579 253 ei,
1616 216 1664 245 ex
1685 215 1760 246 ore
1779 214 1858 247 tuo
1879 199 2030 263 judico
2051 215 2116 260 te,
2150 204 2262 251 male

1265 264 1442 315 famule.
1511 267 1703 312 Et****
1737 264 1893 313 sciebas
1920 268 2042 327 quod
2071 286 2152 329 ego
2181 270 2260 317 ho-

1262 351 1340 380 mo
1361 331 1531 380 severus
1548 331 1648 388 sim,
1683 332 1838 378 tollens
1868 333 1991 392 quod
2011 351 2098 380 non
2118 333 2259 396 posui,

1266 400 1308 445 8(
1327 415 1492 447 metens
1513 398 1636 459 quod
1663 415 1753 444 non
1776 396 1997 448 seminavi.

1198 542 1276 591 23.
1310 533 1367 577 Et
1395 550 1528 592 quare
1557 550 1646 580 non
1674 527 1827 578 dedisti
1853 544 2081 590 argentum
2109 548 2259 580 meum

1265 599 1596 653 nummulariis,
1630 598 1673 644 &
1695 598 1868 644 veniens
1901 612 2003 645 cum
2021 595 2174 645 fenore
2194 615 2258 646 ac-

1265 660 1471 721 cepissem
1513 663 1651 709 illud?

1197 741 1279 785 24.
1317 730 1392 774 Et.
1428 728 1512 777 ἃς.

1198 807 1274 852 27.
1312 794 1420 853 Qui.

1198 873 1277 920 30·
1309 857 1388 906 Ite.

1199 939 1221 983 3
1234 941 1273 975 Ι,
1307 927 1359 971 Et
1378 922 1407 969 fi
1430 926 1527 984 quis
1544 940 1622 970 vos
1643 926 1985 986 interrogaverit.

1194 1005 1275 1054 373.
1311 990 1584 1038 Solventibus
1614 993 1759 1052 itaque
1787 992 1890 1043 illis.

1195 1138 1269 1184 35.
1305 1124 1592 1172 Adduxeruut
1616 1124 1792 1184 pullum
1822 1124 1875 1170 ad
1890 1122 2050 1187 Jesum.

1193 1205 1269 1250 37.
1305 1192 1451 1251 Coepit
1479 1192 1663 1236 omnino
1692 1190 1944 1238 multitudo.

1189 1257 1249 1303 ib.
1271 1255 1340 1303 De
1376 1256 1610 1313 omnibus,
1644 1273 1750 1316 quas
1785 1257 1981 1304 viderant
2006 1259 2255 1314 virtutibus.

1189 1331 1269 1384 38.
1305 1323 1474 1368 Gloria.

1187 1402 1270 1449 42.
1306 1388 1457 1450 Qod.

1446 1481 1453 1490 ·
2184 1466 2246 1521 ib,

99 1590 132 1640 c)
156 1576 279 1626 Cod'd.
300 1598 411 1637 graec.
432 1575 541 1632 ἔδεις,
567 1584 877 1634 &Huntington⁷
913 1597 950 1622 2.
971 1581 1060 1621 teste
1076 1580 1214 1629 Millio,
1243 1584 1268 1619 ἐι
1291 1573 1398 1622 ἔδεις.
1429 1581 1558 1621 Vei-sio
1576 1583 1753 1634 Vulgata,
1771 1583 1912 1635 fiiehas.
1940 1591 2092 1641 Persica,
2120 1595 2244 1636 idern·

153 1639 250 1691 quid
269 1650 398 1677 autem
418 1639 451 1676 ὃ(
472 1637 669 1689 quomodo
688 1637 821 1688 legerit
840 1635 1021 1687 Ulphilas,
1049 1635 1175 1674 dicant
1193 1634 1418 1687 sagaciores:
1447 1648 1515 1674 nos
1533 1637 1637 1676 enim
1655 1650 1734 1675 non
1752 1638 1872 1678 modo
1891 1642 2082 1693 originem
2102 1649 2136 1686 ὃ(
2156 1630 2247 1701 cog:

126 1698 138 1701 ”
153 1693 349 1731 nationem
362 1720 372 1739 ,
400 1690 462 1730 sed
481 1692 596 1729 etiam
615 1689 870 1741 significatum
887 1690 988 1728 vocis
1007 1688 1077 1726 lata
1097 1688 1250 1740 fugere,
1274 1687 1512 1741 profitemur.
1569 1688 1708 1728 Nescio
1726 1703 1773 1728 an
1790 1690 1867 1730 huc
1884 1693 1994 1734 faciat
2013 1700 2197 1749 particula
2213 1703 2247 1742 [a

154 1757 271 1797 quam
288 1744 372 1783 heic
390 1742 542 1796 usurpat
561 1744 738 1796 interpres
757 1742 887 1793 Anglo
907 1743 1015 1780 Saxo.
1044 1741 1077 1778 la
1093 1740 1209 1790 Iytlzra
1222 1741 1360 1788 theon-e,
1387 1740 1529 1781 scilicet
1545 1743 1641 1781 male
1660 1742 1814 1782 famule.

100 1799 142 1852 d>
168 1796 310 1845 wokra,
346 1797 503 1849 Anglos
532 1809 667 1843 wocer‚
702 1796 808 1847 Belg.
840 1795 995 1842 woeker,
1033 1795 1136 1834 Suet.
1161 1794 1265 1834 ockcr
1282 1824 1291 1841 ‚
1328 1797 1455 1833 Germ.
1475 1795 1615 1833 wuclzer
1634 1798 1738 1842 ,ὕεα
1765 1798 1914 1850 proprie
1941 1799 2097 1842 denotat
2122 1803 2246 1855 akran,

147 1852 268 1891 Marc.
287 1863 325 1899 4,
345 1858 408 1893 282
427 1849 596 1888 frucium
621 1859 746 1895 terrae;
773 1847 983 1900 fiqufflem,
1010 1847 1136 1886 iudice
1165 1847 1376 1894 Wachtero‚
1403 1849 1443 1886 L.
1475 1860 1509 1888 c,
1537 1862 1576 1900 p.
1603 1859 1714 1898 1931.
1740 1850 1786 1887 ab
1815 1851 1924 1890 initio
1951 1856 2113 1896 maiores
2129 1859 2246 1901 nostri

149 1904 299 1944 nullam
319 1901 470 1942 usuram
489 1901 691 1942 noscebant
708 1911 838 1954 praeter
856 1914 960 1947 eam,
989 1913 1105 1952 quam
1124 1911 1217 1939 terra
1236 1899 1376 1939 stmine
1394 1901 1639 1952 impraegnata
1666 1915 1686 1939 e
1710 1900 1794 1940 finu
1815 1901 1881 1942 suo
1899 1906 2088 1948 reddebat.
2146 1912 2245 1951 Post-

149 1969 268 2009 quam
286 1970 375 1996 vero
393 1966 616 2008 argentum,
641 1955 816 2006 ferroque
834 1955 1030 1993 nocentius
1049 1966 1206 1999 aurum,
1234 1954 1305 1992 illis
1335 1967 1490 2005 quoque
1506 1954 1666 2005 probari
1690 1956 1823 2007 coepit‚
1852 1957 2028 2008 pristinus
2048 1964 2148 2003 vocis
2169 1964 2246 2005 sen-

149 2010 209 2049 sus
227 2010 411 2062 paulatim
426 2009 475 2048 ad
499 2009 643 2048 reditus
671 2022 717 2048 ex
738 2021 806 2046 aere
832 2018 973 2046 mutuo
998 2008 1164 2059 prolatus
1191 2005 1262 2053 est,
1293 2006 1399 2059 quod
1424 2007 1608 2046 fruffibus
1631 2017 1734 2046 terrae
1757 2007 1892 2048 ssmiles
1917 2011 2047 2055 essent.
2099 2018 2146 2055 Et
2173 2018 2247 2058 hoc

148 2062 275 2107 sensu,
299 2062 454 2114 reliquis
477 2062 670 2108 extinffis,
698 2059 870 2100 seculum
889 2059 1061 2099 nostrum
1079 2061 1190 2099 unice
1209 2059 1432 2107 delectatur,
1461 2061 1570 2099 cuius
1597 2061 1782 2113 praecipua
1811 2075 1901 2102 cura
1921 2063 1973 2103 est
1981 2094 1992 2113 ‚
2021 2080 2068 2106 ex
2082 2073 2245 2120 pecunia

146 2114 334 2165 quaestum
352 2114 483 2153 facere.

97 2166 185 2213 ***)
213 2169 359 2205 Decem
382 2166 451 2205 hos
471 2165 612 2212 versus,
635 2165 777 2216 quibus
796 2175 922 2203 carent
940 2165 1053 2211 editi,
1081 2177 1128 2203 ex
1152 2164 1297 2204 Codice
1321 2167 1519 2214 Argenteo
1547 2164 1801 2212 restituimus3
1830 2169 1926 2208 circa
1943 2170 2025 2210 iilos
2044 2186 2133 2212 vero
2151 2177 2245 2226 quid

148 2218 354 2272 praestiterit
371 2221 462 2260 Rev.
486 2217 686 2265 Benzelius‚
712 2231 758 2256 ex
777 2218 975 2256 collatione
1002 2229 1153 2273 nuperae
1177 2216 1355 2255 editionis
1380 2216 1534 2267 patebit.

97 2275 132 2321 e)
156 2273 337 2311 Diximus
361 2270 469 2323 supra
484 2270 531 2310 ad
550 2284 582 2309 c.
607 2282 666 2310 10.
684 2284 722 2310 v.
748 2283 806 2316 30.

40 2351 41 2365 ι
85 2325 145 2376 s)
173 2324 472 2373 Emendavimus
492 2323 590 2362 hanc
607 2334 742 2362 vocem
760 2321 861 2374 apud
877 2323 930 2362 St.
949 2330 1067 2361 antea.
1096 2320 1197 2361 Vide
1216 2319 1342 2359 adhuc
1359 2321 1484 2373 paullo
1506 2318 1619 2368 infra,
1649 2319 1785 2360 eodem
1804 2321 1877 2363 hoe
1889 2297 2018 2375 Aversa,
2049 2327 2084 2367 8<
2100 2329 2157 2377 36.
2176 2346 2245 2384 pm

146 2391 173 2430 g
192 2378 408 2429 geminato,
436 2389 496 2429 ng.
518 2378 552 2429 J.
577 2377 610 2414 ὃ(
627 2377 670 2415 Β.
691 2377 915 2417 accuratius.

99 2429 143 2483 g)
162 2431 335 2482 J.1zquis.
354 2431 406 2470 St.
427 2431 552 2475 zzw?s;
579 2429 716 2467 meiius
733 2442 821 2468 vero
844 2428 980 2480 iggquis
1003 2427 1062 2467 vel
1088 2427 1221 2480 igquis,
1244 2426 1382 2467 Matth.
1403 2439 1440 2479 9,
1462 2438 1524 2479 29.
1551 2428 1671 2468 Marc.
1694 2438 1754 2477 10,
1776 2428 1834 2476 36.
1856 2430 1970 2475 dativ.
1990 2433 2109 2476 dualis
2124 2450 2145 2477 a
2161 2440 2244 2481 No-

152 2492 274 2521 minat
300 2488 376 2535 git,
406 2495 470 2521 vos
492 2481 582 2522 duo.
607 2495 640 2520 v.
669 2481 769 2520 Edit.
794 2481 905 2519 Benz.
925 2494 963 2532 p.
984 2488 1077 2523 2810

95 2536 140 2584 12)
167 2536 222 2574 St.
242 2548 362 2575 errore
379 2534 628 2586 typographi,
657 2533 812 2585 iaifima:
844 2534 974 2573 confer
991 2534 1106 2572 etiam
1132 2531 1222 2586 Joh.
1245 2545 1258 2571 1
1273 2546 1305 2581 1,
1329 2546 1392 2583 ²4·

97 2591 127 2639 i)
157 2587 260 2627 Editi
279 2585 428 2637 απαξ-[ὴ
456 2588 591 2626 refflus
610 2586 706 2625 foret
725 2585 791 2624 alla
798 2585 840 2638 sb
857 2587 917 2626 vel
936 2584 1015 2624 allai
1032 2586 1115 2625 thos.
1129 2586 1265 2626 Codes<
1282 2587 1396 2626 habet
1413 2584 1524 2639 alakjo
1536 2616 1545 2633 ‚
1573 2587 1722 2636 eodem,
1747 2589 1788 2628 ni
1805 2589 1922 2639 fallor,
1950 2591 2054 2632 sensu
2064 2607 2075 2639 3
2103 2595 2246 2637 etiamsi

153 2640 293 2680 alicubi
316 2639 366 2676 τὶιῖ
386 2639 452 2686 all,
477 2641 581 2678 veiut
597 2638 855 2691 superfluum,
882 2638 1069 2690 coniungi
1087 2638 1269 2678 videatur.
1292 2653 1328 2679 v.
1352 2640 1448 2689 Jun.
1469 2641 1508 2678 in
1527 2641 1673 2688 indice,
1703 2644 1735 2680 ὃ(
1758 2644 1919 2695 Specim.
1941 2646 2050 2685 Gloss.
2078 2649 2247 2700 Ulph.11

97 2693 135 2745 k)
159 2697 191 2746 J.
214 2695 246 2733 ἃ
269 2694 321 2732 St.
347 2691 404 2730 tho
418 2689 602 2743 geseqhun.
621 2694 664 2734 Β.
684 2688 802 2744 probe
822 2693 1004 2738 correxit;
1039 2694 1082 2731 in
1106 2701 1197 2731 nota
1224 2705 1312 2733 vero
1336 2691 1428 2744 huic
1453 2693 1538 2732 loco
1564 2693 1761 2733 subiun&a
1783 2709 1851 2748 pro
1880 2697 1979 2736 thoze
2004 2699 2099 2750 legit
2123 2701 2247 2742 thozei.

156 2749 241 2786 Nos
265 2745 420 2784 interim
445 2743 640 2797 sequimur
668 2745 871 2785 leftionem
905 2744 1058 2790 Codicis
1090 2746 1292 2799 Argentei.
1335 2748 1395 2786 De
1431 2745 1708 2788 construffione
1740 2747 1816 2798 cfr.¹
1842 2749 1913 2801 Lye
1943 2749 2110 2797 Gramm.
2139 2753 2247 2796 Goth.

149 2814 190 2852 p.
212 2800 327 2839 LVII.

98 2852 132 2901 l)
158 2854 220 2892 Sic
245 2866 281 2892 v·
307 2851 414 2904 supra
439 2864 474 2891 e.
492 2861 528 2900 9,
549 2849 608 2889 26.
638 2875 642 2880 ·

98 2907 150 2956 m)
177 2907 330 2945 Vitium
368 2904 520 2945 librarii.

1281 2907 1315 2945 ἶ..
