2473 3380
377 123 723 180 ESBERGII
771 120 1121 182 ULPHILAS
1157 130 1567 184 GOTHORUM
1598 133 2002 189 EPISCOPUS.
2232 156 2288 204 33

71 258 159 302 que
178 237 296 287 ferro
315 239 358 287 ὃ(
383 239 560 286 flamma
583 239 867 288 crudeliffime
885 240 1134 304 persecutus
1154 240 1225 298 est,
1253 257 1300 289 ut
1321 242 1488 291 disertis
1506 245 1650 293 verbis
1670 246 1873 296 testantur
1892 252 2086 296 Socrates
2098 286 2110 308 ,
2146 250 2184 312 i)
2215 253 2290 299 So-

73 324 310 364 zomenus,
345 304 391 366 k)
427 304 726 363 Cffliodorus,
760 308 800 366 l)
836 309 878 355 &
906 309 1192 369 Nicephorus
1213 308 1427 360 Callistus.
1461 312 1527 371 m)

209 376 368 432 Neque
389 369 532 419 solum
554 390 654 419 cum
678 374 839 420 Gothis
860 375 1094 435 gentilibus
1115 391 1180 420 res
1200 374 1277 435 ipfi
1297 373 1406 432 fnit,
1444 376 1514 423 sed
1535 393 1636 423 cum
1661 379 1854 425 Arrianis
1881 396 2071 440 quoque,
2092 398 2287 441 quorum

69 435 274 500 pestifera
303 438 508 499 dogmata
529 456 734 500 magnam
762 440 839 486 illo
859 456 1057 501 tempore
1083 441 1317 487 hominum
1339 457 1508 502 partem
1537 441 1786 495 infecerant.
1856 447 1922 490 Hi
1953 462 2053 492 cum
2082 449 2287 507 viderent,

70 502 310 568 Ulpln‘lam
331 505 451 564 apud
472 504 648 551 Gothos
667 522 823 566 magna
841 504 1093 552 austoritate
1111 506 1294 566 pollere,
1326 524 1414 553 non
1436 507 1707 566 destiterunt,
1740 525 1791 557 ut
1809 511 1925 558 credi
1944 510 2109 572 potest,
2144 513 2289 574 ipsum

70 570 114 616 ὅτ
134 570 275 617 verbis
296 571 336 617 δι
358 569 526 631 scriptis
546 569 798 626 sollicitare,
829 587 877 618 ut
907 588 1008 618 cum
1030 572 1192 617 Gothis
1221 569 1306 618 suis
1327 574 1371 618 in
1401 575 1538 636 impia
1569 592 1725 622 eorum
1754 574 1884 623 castra
1915 576 2120 626 transiret.
2190 580 2287 642 Ipse

67 651 197 693 vero,
233 639 311 696 qui
340 638 511 682 Nicaeni
539 637 828 695 catholicique
858 636 1077 697 dogmatis
1099 637 1194 683 zelo
1215 638 1374 702 plenus
1401 655 1513 697 erat,
1547 643 1596 701 n)
1630 639 1713 688 sese
1734 645 1927 689 Arrianis
1947 643 2181 705 opposuit,
2211 664 2286 695 eos

67 698 298 760 refutavit,
332 717 461 761 atque
482 702 591 748 adeo
613 703 688 748 diu
711 703 990 763 multumque
1009 700 1211 750 adversus
1231 704 1411 752 eosdem
1429 705 1674 765 decertavit,
1695 723 1743 755 ut
1764 709 1962 770 loquitur
1980 712 2120 759 Sixtus
2133 715 2285 762 Senen-

67 766 121 814 fis
140 769 186 815 in
208 768 475 816 bibliotheca
503 765 658 817 sanEla.
693 766 742 831 ο)
2246 776 2252 779 ’

1098 882 1135 939 §.
1204 882 1260 930 X.

250 941 593 1051 'Ulphilaffi
640 961 916 1032 Gothos
962 965 1219 1057 legibus
1276 965 1341 1033 ὅ(
1398 966 1629 1035 litteris
1673 968 2094 1059 instituendO,

827 1054 1234 1116 mansuetiores
1273 1056 1536 1116 reddidit.

199 1169 342 1218 Gothi
359 1184 521 1219 veteres
540 1169 600 1217 ob
618 1167 928 1218 fortitudinem
950 1173 1088 1234 magis
1107 1167 1205 1217 sunt
1223 1170 1400 1231 laudati,
1413 1189 1548 1233 quam
1568 1172 1628 1222 ob
1649 1173 2023 1228 mansuetudinem
2044 1181 2087 1229 ὅ(
2106 1185 2284 1234 cultum,

63 1237 200 1286 Unde
222 1235 392 1286 Nasoni
419 1239 475 1302 p)
512 1238 636 1284 Getis
656 1235 735 1284 esse
752 1238 938 1284 dicitur:

472 1303 590 1357 Vox
608 1301 744 1367 fera,
780 1316 898 1352 trux
932 1302 1111 1360 vultus,
1145 1306 1366 1374 veriffima
1402 1310 1571 1356 martis
1602 1309 1783 1376 imago:

313 1430 316 1433 Ι
470 1371 581 1420 Non
615 1386 765 1424 coma,
803 1385 889 1418 non
924 1371 1020 1418 ulla
1054 1368 1202 1418 barba
1239 1369 1396 1435 restem
1430 1389 1582 1426 manu.

61 1439 283 1485 caeterum
302 1433 496 1484 infelices
516 1434 694 1484 fuerunt
712 1436 877 1496 Gothi,
914 1436 1033 1496 quod
1060 1436 1179 1497 apud
1211 1454 1286 1484 eos
1315 1439 1484 1486 exulare
1514 1443 1723 1488 meruerit
1748 1454 1980 1504 poetarum
2000 1451 2284 1514 ringeniofiffi.

63 1521 191 1560 mus,
228 1505 306 1563 qni
334 1520 437 1550 cum
467 1503 710 1550 delicatiori
738 1504 900 1549 climati
920 1501 1103 1549 assuetus
1126 1500 1245 1560 esset,
1281 1522 1357 1550 nec
1375 1507 1554 1553 eandem
1582 1509 1625 1553 in
1647 1508 1787 1555 verbis
1808 1514 2095 1578 moribusque
2112 1522 2283 1570 Gotho.

62 1586 187 1626 rum,
223 1586 354 1630 quam
376 1569 496 1630 apud
515 1573 736 1616 Romanos
759 1568 859 1615 suos
878 1567 1127 1615 suavitatem
1151 1569 1507 1631 deprehenderet,
1533 1590 1608 1619 eos
1629 1572 1769 1621 statim
1791 1595 1908 1624 nunc
1924 1577 2045 1629 feros
2067 1585 2110 1632 ὅ(
2129 1587 2282 1636 barba.

62 1653 160 1693 rotz,
191 1652 308 1681 nunc
336 1635 604 1681 inhumanos
626 1631 671 1683 &⁴
696 1634 899 1692 stolidos,
934 1652 1048 1681 nunc
1080 1635 1222 1691 dirOS,
1259 1637 1441 1692 crudos,
1476 1636 1630 1696 saevos,
1665 1640 1708 1686 ὃ(
1739 1643 1807 1688 vix
1834 1644 2072 1696 hominurn
2102 1657 2283 1703 nomine

62 1703 221 1763 dignos
241 1701 476 1760 declamat3
504 1699 574 1747 sed
593 1702 639 1747 id
659 1703 897 1749 immerito.
965 1699 1178 1747 Habuiffe
1198 1704 1314 1748 enim
1336 1704 1512 1750 Gothos
1540 1703 1711 1767 semper
1739 1708 1781 1753 ὅ(
1804 1709 2045 1761 litterarum
2066 1717 2283 1777 professo.

61 1784 156 1824 res,
191 1767 401 1828 &legum
420 1765 618 1814 custodes
638 1764 941 1821 severiffimos,
975 1765 1166 1812 historiae
1198 1785 1278 1815 nos
1305 1767 1399 1816 satis
1419 1767 1640 1831 superque
1665 1772 1861 1823 edocent.
1929 1776 2091 1829 Saltem
2110 1798 2278 1852 tempo-

64 1834 190 1882 ribus
207 1829 411 1900 Ulplzilae
441 1833 582 1879 dicere
601 1851 691 1879 non
708 1831 916 1893 potuisset
933 1830 1080 1889 Naso,
1114 1830 1197 1879 sese

472 1901 601 1947 Inter
633 1897 901 1947 inhumanos
934 1914 1087 1946 nomen
1122 1896 1287 1947 habere
1319 1901 1473 1951 Getas.

61 1968 113 2033 q)
147 1969 272 2013 Tum
294 1967 412 2025 enim
433 1966 558 2013 illius
579 1964 778 2028 beneficio
802 1961 1068 2012 humaniore
1091 1965 1265 2012 uiuendi
1289 1969 1482 2032 ivstituto
1498 1967 1751 2019 utebantur.
1788 1973 1836 2033 r)
1868 1984 1930 2020 καὶ
1967 1983 2014 2023 δι’
2037 1988 2137 2028 duri·
2165 2008 2278 2040 ,aau-

66 2028 387 2094 xamgorm'vim
407 2041 640 2091 ἡμεςωτέςως,
678 2032 728 2081 69'
752 2047 840 2095 per
863 2046 960 2079 eum
992 2029 1059 2078 ad
1077 2029 1392 2093 manfiaetiores
1417 2049 1562 2083 mores
1590 2036 1799 2085 traduffi.
1833 2040 1877 2100 s)
1946 2040 2016 2087 Ab
2036 2044 2281 2108 eodemque

61 2097 217 2142 litteris
241 2093 437 2146 instituti,
457 2101 496 2155 t)
563 2096 754 2156 Legibus
775 2114 953 2157 quoque
974 2095 1142 2158 scriptis
1162 2095 1370 2153 instruffl,
1391 2115 1526 2158 prout
1544 2099 1730 2164 scriptor
1747 2120 1995 2168 anonymus
2014 2109 2058 2154 in
2078 2114 2281 2162 coenobio

60 2159 365 2217 Moiffiacenfi,
395 2162 473 2220 qui
492 2160 717 2210 exhibetur
735 2164 848 2209 inter
872 2161 1061 2209 historiae
1085 2166 1358 2210 Francorum
1387 2162 1617 2226 scriptores
1643 2185 1902 2228 coaetaneOS,
1938 2171 1991 2219 ab
2018 2176 2189 2225 Andrea
2219 2180 2280 2228 du

63 2226 231 2275 Chesne
251 2224 458 2274 Francos.
482 2229 527 2272 in
547 2223 659 2275 folio
681 2228 844 2286 editos,
875 2246 966 2274 non
988 2226 1170 2275 obscure
1197 2231 1360 2276 innuit:
1398 2230 1494 2280 Sub
1516 2232 1798 2284 Athanarico
1821 2236 1982 2301 legem,
2018 2236 2077 2286 ΕΤ
2098 2242 2280 2295 litteras

64 2292 227 2343 ltu-bere
248 2305 474 2357 coeperuns
500 2294 655 2343 Gothi.
713 2297 868 2341 Minus
896 2296 1027 2355 igitur
1056 2293 1170 2341 reste
1199 2296 1396 2342 locutum
1417 2298 1691 2346 'arbitramur
1717 2300 1930 2349 Isidorum
1959 2303 2261 2367 Hispalensem

65 2362 142 2421 qui
163 2364 208 2406 in
228 2359 439 2406 chronico
459 2360 598 2411 Goth.
618 2361 670 2407 de
692 2363 855 2409 Eurico
876 2359 1223 2421 Wifigothorum
1242 2364 1287 2407 in
1309 2360 1525 2424 Hispania
1544 2383 1644 2427 rege
1667 2365 1745 2413 sub
1766 2385 1848 2415 aera
1871 2383 1966 2432 504
1986 2369 2154 2426 scribit:
2187 2351 2278 2428 Sub,
2338 2410 2340 2413 ⁴

15 2444 18 2445 ⁷
65 2425 148 2474 hoc
179 2441 282 2490 rege
314 2422 454 2474 Gozln‘
476 2428 626 2491 legam
652 2431 851 2493 instituta
878 2424 1060 2488 scriptis
1086 2423 1535 2494 haber-vcoeperunt:
1568 2449 1674 2480 nam
1701 2445 1835 2482 antea
1866 2447 2043 2485 tantum
2075 2441 2278 2493 moribus
2361 2476 2364 2477 ν

0 2498 7 2503 ’
67 2490 127 2539 85³
149 2491 451 2556 cvificetudine
482 2491 760 2543 tenebantur.
826 2492 1039 2539 Isidorum
1068 2491 1308 2553 sequuntur
1334 2498 1463 2542 ceteri
1490 2509 1639 2546 rerum
1668 2498 2009 2562 Hispanicarum
2034 2502 2279 2572 scriptores,

66 2558 308 2606 Rodericus
326 2558 596 2618 Toletanus,
630 2557 884 2608 Franciscus
905 2559 1136 2621 Tarapha‚
1170 2560 1410 2609 Rodericus
1430 2561 1648 2623 Sanfflus,
1683 2565 1726 2613 ὅ(
1751 2567 1844 2618 alii.
2248 2596 2253 2597 ν
2301 2568 2306 2574 ’

2122 2637 2166 2704 ς.
2202 2644 2282 2696 xi.

124 2740 156 2790 ι’)
184 2737 276 2789 Ηὶβ.
300 2737 372 2776 eccl.
391 2737 414 2778 I.
433 2751 472 2789 4.
493 2754 521 2778 c.
541 2754 593 2790 27.
649 2738 688 2778 kl
718 2739 811 2792 Hss.
832 2740 907 2780 eccl.
928 2739 980 2779 lib.
1001 2744 1032 2782 ὅ.
1051 2755 1081 2780 c.
1101 2744 1145 2790 3(
1206 2740 1239 2787 l)
1267 2741 1360 2793 Htst.
1379 2742 1453 2786 eccl.
1481 2743 1585 2795 Trip.
1606 2743 1663 2787 lib.
1683 2751 1716 2790 8.
1733 2760 1764 2788 c,
1784 2761 1826 2798 13.
1883 2751 1934 2800 m)
1962 2750 2054 2802 Hist’.
2073 2754 2140 2793 eccl
2165 2756 2223 2802 lib,
2239 2776 2281 2806 ιι,

177 2805 206 2830 c.
224 2798 290 2840 48.
347 2792 387 2842 n)
414 2792 569 2831 Socrates
587 2791 664 2844 lust.
686 2792 759 2832 eccl.
781 2792 801 2830 l.
821 2807 847 2830 2.
867 2807 895 2832 c.
913 2807 962 2844 32.
991 2795 1124 2833 Sozom.
1151 2793 1172 2833 l.
1191 2797 1220 2834 6.
1243 2809 1266 2833 c,
1286 2798 1335 2845 35.
1367 2795 1513 2848 lvio-ph.
1533 2797 1609 2848 lust.
1629 2797 1704 2840 ech
1723 2797 1777 2838 lib.
1790 2813 1824 2849 9.
1846 2815 1873 2839 c.
1888 2814 1952 2853 44.
1976 2801 2021 2843 Εἴ
2037 2803 2091 2846 lib.
2111 2822 2145 2848 11.
2170 2825 2198 2849 e.
2217 2820 2278 2860 48,

175 2843 271 2884 Cent.
292 2841 425 2897 Magd.
443 2844 542 2905 'Cena
564 2857 602 2903 4.
628 2858 659 2885 ε.
692 2859 734 2884 ιο,
749 2860 790 2906 [ι.
810 2849 888 2883 1262.
946 2849 985 2895 ο)
1008 2857 1092 2898 pag.
1113 2850 1183 2896 568.
1233 2848 1281 2899 p)
1311 2846 1385 2908 Lib.
1405 2849 1511 2909 Trist:
1532 2864 1549 2900 5
1583 2849 1660 2903 eleg.
1682 2863 1716 2897 7.
1773 2853 1814 2905 q)
1842 2854 1950 2906 Epist’.
1969 2871 2014 2895 ex
2030 2858 2142 2899 Ponto
2164 2862 2220 2904 lib.
2240 2881 2280 2916 4,

177 2910 232 2948 ep.
250 2909 294 2947 ¹3.
324 2897 363 2948 r)
395 2896 543 2949 Nzceph.
561 2896 637 2949 lust.
659 2897 735 2939 eccl.
754 2897 810 2939 tib.
831 2911 868 2940 ιι.
888 2911 962 2951 cap.
983 2904 1044 2949 48.
1081 2900 1114 2950 s)
1140 2901 1272 2940 Sozom.
1293 2899 1371 2952 lust.
1388 2900 1458 2942 eccl.
1480 2900 1535 2941 lzb.
1553 2905 1582 2948 ὅ,
1611 2917 1639 2944 c.
1659 2907 1707 2954 36.
1736 2906 1769 2956 t)
1796 2907 1978 2958 Jornand.
1995 2923 2064 2950 rer.
2085 2915 2164 2959 Ga,
2190 2931 2218 2957 c,
2238 2933 2280 2970 5¹·

1217 2971 1240 3001 e
