2473 3380
168 154 269 201 130
510 129 514 133 ’
805 129 1745 186 ANNOTATIONES.

172 247 442 312 expluribus
462 262 605 294 unum
625 246 799 294 Codicis
819 247 1022 307 Argentei
1040 244 1192 289 locum
1213 238 1421 290 adferam.
1441 245 1546 290 Luc.
1565 252 1692 299 18,9.
1769 236 2088 292 Trauaidedun
2091 237 2159 304 fis
2171 274 2188 295 ,γ
2202 233 2386 285 confide-

171 319 298 373 bant,
327 312 446 364 conf.
470 315 625 360 Matth,
657 328 731 373 27,
750 327 832 372 42.
883 311 1083 357 Tandem
1115 324 1140 355 a
1169 307 1296 363 illud,
1326 308 1446 365 quod
1476 310 1521 352 in
1550 306 1634 353 fine
1663 306 1743 361 est,
1778 306 1945 369 respuit
1963 307 2232 367 praeteritum
2256 306 2388 350 tertiae

176 383 520 443 coniugationis,
553 383 721 440 quippe
752 377 873 437 quod
906 375 1078 436 semper
1102 371 1499 436 monosyllabicum
1532 372 1603 429 est,
1636 389 1685 420 ut
1709 374 1883 435 bidjan,
1911 371 2034 431 bath,
2056 372 2178 434 petii,
2198 368 2389 435 bigitan,

180 449 323 515 bigat,
345 449 506 504 inveni,
521 445 668 510 ngan,
683 442 786 509 gaf,
806 443 919 499 dedi,
952 440 1169 505 qwz’than,
1199 438 1369 505 qwatlz‚
1400 440 1510 494 dixi,
1541 456 1724 498 quaeque
1745 440 1870 500 plura
1889 438 2015 500 supra
2033 438 2278 485 attulimus.
2344 437 2392 482 si

139 555 141 557 .
181 532 287 561 vero
303 527 400 580 gat)
417 530 503 561 aua
526 514 651 571 legas,
672 511 818 555 omnia
839 506 925 553 suis
943 507 1112 569 legibus
1133 521 1298 568 parent.
1367 508 1527 565 Spero,
1556 506 1654 550 licet
1683 507 1726 550 in
1747 507 1944 551 minutiis
1963 503 2076 552 hisee
2097 503 2392 564 grammatica·

182 582 296 628 libus
317 580 452 640 paulo
471 575 695 638 operosior
713 572 876 620 fuerim
892 611 902 629 ‚
937 574 1203 620 amatoribus
1231 584 1373 618 tamen
1395 572 1643 631 linguarum
1663 586 1859 617 veterum
1881 571 1990 617 hanc
2013 586 2191 631 operam
2221 570 2395 630 penitus

182 664 273 693 non
304 644 486 690 sordere.
557 640 653 687 Nifi
686 643 803 686 enim
834 639 1044 686 sermonis
1069 644 1220 701 genius
1248 641 1294 684 in
1329 636 1555 684 confilium
1577 637 1855 694 adhibeatur,
1883 639 1994 682 Davi
2026 636 2197 695 semper
2217 637 2393 692 erimus,

181 729 271 758 non
298 711 480 770 Oedipi.
547 709 772 755 Succurrit
801 707 920 766 quod
948 709 991 752 in
1010 704 1135 767 praef.
1162 707 1468 752 Grammaticae
1492 701 1577 749 suae
1608 720 1705 748 vere
1735 705 2036 764 pronuntiavit
2054 699 2286 762 AElfricus
2306 699 2392 745 Ab·

184 777 284 835 bas3
328 772 662 840 Thestafcroeft
685 772 806 837 tissco
825 790 946 839 caeg,
981 772 1055 822 tlte
1073 772 1222 822 thaera
1241 772 1346 821 bota
1363 782 1523 837 angytt
1539 767 1721 835 unlyctlz
1755 770 2052 816 Grammatica
2078 766 2137 815 est
2156 767 2227 813 ille
2252 766 2394 823 clavis,

182 845 260 904 qui
276 842 494 889 librorum
523 839 786 887 intelleElum
804 844 960 901 aperit.

383 924 466 988 uu)
501 922 766 979 Gawamm,
787 925 1035 984 impuritas.
1078 925 1208 969 Varie
1228 921 1269 969 se
1289 925 1333 969 in
1350 924 1431 970 hac
1450 940 1557 970 voce
1579 920 1828 983 explicanda
1847 934 2022 980 torquet
2043 917 2113 969 Cl.
2135 918 2396 976 Isnittelius‘,

182 994 320 1041 donec
339 993 514 1038 tandem
534 990 699 1037 consilii
718 992 848 1051 inops
869 993 1027 1036 erroris
1053 989 1281 1036 librarium
1302 988 1479 1046 accuset,
1504 1006 1711 1048 tanquam
1730 990 1806 1047 qui
1826 1002 2053 1053 gawamm
2076 988 2173 1032 loco
2189 988 2401 1050 gawan'nj‘

181 1062 222 1107 ἃ
244 1060 350 1106 illud
372 1059 456 1104 alio
483 1075 629 1103 errore
654 1075 737 1118 pro
760 1073 923 1121 gawan
946 1059 1144 1116 pinxerit.
1206 1057 1368 1102 *cilicet
1397 1058 1524 1112 vidit,
1548 1057 1593 1100 in
1613 1055 1775 1101 Codice
1799 1061 2016 1114 Argenteo
2044 1068 2143 1099 wan
2173 1049 2397 1098 defefi'tum

182 1143 343 1172 notare.
372 1129 512 1171 Marc.
535 1141 600 1180 ιο,
615 1141 638 1170 2
652 1139 667 1169 1
681 1157 693 1171 .
767 1126 899 1170 Az‘ms
920 1121 1024 1170 thus
1041 1138 1140 1168 wan
1159 1125 1222 1188 ist,
1259 1125 1387 1167 unius
1408 1125 1468 1168 rei
1491 1118 1681 1167 defeEius
1704 1120 1783 1166 tibi
1805 1118 1875 1175 est,
1895 1137 1919 1165 a
1938 1136 2029 1178 quo
2050 1116 2313 1164 adieEbvum
2332 1134 2398 1163 re·

139 1214 148 1218 ’
182 1190 376 1251 fragante
401 1188 718 1235 construffione
739 1186 903 1234 format
925 1192 985 1238 ⁴²).
1044 1187 1125 1232 Sed
1148 1204 1235 1232 non
1262 1186 1332 1242 cst,
1362 1189 1482 1246 quod
1503 1189 1782 1246 quempiam,
1809 1201 1963 1246 praeter
1983 1184 2125 1239 semet,
2152 1185 2312 1229 erroris
2333 1199 2396 1228 ac-

186 1257 311 1306 cuset.
390 1257 531 1306 blsizm
550 1257 667 1300 enim
688 1272 770 1300 vox
793 1253 862 1310 est,
875 1271 1005 1312 quam
1028 1269 1180 1299 omnes
1203 1253 1360 1311 linguae
1380 1254 1589 1315 Scytbicae
1609 1250 1861 1312 agnoscunt,
1883 1249 2398 1310 denotatque,maculam‚

183 1324 499 1384 impuritatem,
521 1318 859 1377 deformitatem,
881 1321 920 1366 ἃ
947 1321 1031 1366 hoc
1052 1317 1147 1379 ipso
1167 1337 1190 1363 a
1212 1333 1304 1365 wan
1332 1319 1622 1378 distinguitur,
1652 1317 1771 1376 quod
1793 1334 1881 1361 non
1901 1315 1976 1362 nisi
1996 1332 2158 1362 meram
2189 1316 2397 1375 privatio-

185 1407 287 1436 nem
310 1389 485 1435 indicat.
555 1389 823 1447 Incipiamus
843 1386 896 1431 ab
926 1386 1121 1439 lslandis,
1150 1385 1270 1445 apud
1291 1402 1403 1443 quos
1426 1401 1584 1431 wamm
1603 1384 1643 1429 ἃ
1664 1392 1820 1430 wbmm
1840 1383 1975 1442 plenu
1998 1385 2041 1426 in
2060 1379 2138 1427 usu
2158 1380 2227 1428 est.
2300 1382 2399 1429 Far

180 1473 263 1505 eru
290 1470 478 1501 wamma
502 1469 643 1509 wara,
668 1452 958 1513 proverbium
989 1450 1058 1504 est,
1080 1466 1245 1503 notans,
1267 1468 1444 1511 paucos>
1463 1449 1543 1496 esse
1560 1452 1634 1509 qui
1652 1451 1754 1495 vitia
1776 1448 1871 1495 satis
1895 1464 2084 1497 caveant.
2160 1447 2397 1497 Wamma·

173 1519 304 1587 fullr
328 1521 446 1582 apud
477 1519 804 1569 Gudmundum
834 1518 1037 1566 Andrea’
1061 1516 1120 1563 est
1146 1518 1260 1562 vitiis
1291 1517 1460 1576 plenus,
1492 1516 1828 1581 wammudugr‚
1863 1512 2072 1571 scelestus,
2105 1529 2399 1564 wammawar

144 1596 149 1601 ’
188 1589 305 1651 apud
339 1588 595 1640 Verelium.
630 1585 810 1647 culpam
841 1601 1011 1640 cavens,
1047 1581 1313 1639 wamhaltr,
1349 1585 1426 1643 qui
1458 1585 1642 1644 graviter
1668 1582 1889 1629 claudicat.
1966 1581 2102 1641 Apud
2131 1581 2398 1627 Alemannos

186 1671 347 1703 wamm
369 1654 485 1699 idem
505 1651 664 1709 sonuit,
699 1652 813 1698 unde
837 1652 955 1712 apud
978 1650 1206 1706 Keronem,
1228 1653 1334 1710 Cap.
1356 1653 1436 1695 VII
1469 1647 1800 1705 unbiuuamter,
1820 1647 2138 1702 immaculatus,
2169 1649 2239 1692 cui
2261 1648 2398 1708 gemi-

192 1737 302 1767 num
321 1719 379 1766 est
397 1720 517 1778 quod
534 1736 582 1764 ex
610 1718 757 1764 codice
787 1717 1110 1778 evangeliorum
1142 1716 1404 1764 cottoniano
1424 1713 1563 1761 adfert
1591 1715 1849 1779 Htckesius,
1879 1715 1922 1758 in
1952 1713 2044 1761 Gr.
2073 1711 2234 1763 Theot.
2254 1729 2298 1774 p.
2320 1721 2399 1769 28.

191 1788 458 1836 uuameslos.
531 1784 728 1847 Hzcsted
747 1785 994 1830 uzcameslos
1014 1785 1159 1830 alloro
1172 1780 1294 1842 fima'
1310 1797 1408 1837 uno,
1429 1780 1542 1826 stetit
1562 1782 1865 1827 immaculatus
1890 1778 1943 1825 ab
1970 1779 2175 1825 omnibus
2195 1781 2398 1841 peccatis.

193 1854 275 1899 Sed
298 1867 521 1910 nunquam
543 1848 812 1909 frequentius
835 1866 915 1894 vox
935 1847 1075 1894 nostra
1098 1849 1208 1894 mihi
1229 1846 1427 1902 obvenit,
1463 1864 1595 1906 quam
1622 1850 1666 1892 in
1687 1848 1833 1906 lingua
1851 1843 2220 1905 Anglosaiffonum,
2247 1848 2293 1892 in
2311 1862 2398 1905 qua

192 1935 324 1975 wam,
353 1934 459 1965 wem
484 1917 526 1962 ἃ
553 1930 743 1966 wemme,
773 1914 929 1972 labem,
957 1916 1168 1961 maculam
1189 1927 1320 1969 notat,
1350 1929 1578 1969 wemman,
1598 1929 1894 1979 gewemman,
1921 1910 2148 1967 maculare,
2178 1913 2398 1970 wemleas‚

195 1984 517 2033 immaculatus,
548 1983 844 2047 gewemmend
863 1982 904 2027 ἃ
926 1992 1121 2037 tremere,
1149 1976 1396 2039 corruptor,
1426 1979 1632 2031 moechus,
1654 1983 1980 2044 gewemminge,
2007 1973 2273 2038 profanatio,
2303 1994 2398 2024 cor·

192 2054 360 2113 ruptio.
413 2049 548 2095 Biblia
566 2047 900 2109 Anglosaxonica
924 2051 1028 2096 Luc.
1054 2064 1126 2107 12,
1141 2062 1164 2108 3
1178 2062 1218 2105 3.
1270 2045 1446 2111 Thyder
1466 2043 1600 2108 theos
1605 2062 1655 2094 ne
1669 2043 1950 2111 genealoectlz,
1971 2059 2020 2091 ne
2039 2041 2232 2091 mothtlze
2249 2060 2301 2092 ne
2317 2059 2398 2109 ge-

195 2116 371 2173 wemtlz,
404 2133 492 2175 quo
514 2113 585 2162 fur
607 2133 695 2161 non
717 2124 1057 2175 appropinquat,
1088 2114 1294 2172 quodque
1314 2115 1423 2157 tinea
1445 2129 1534 2157 non
1555 2113 1812 2172 corrumpit.
1835 2110 2002 2158 Matth.
2030 2125 2098 2165 12,
2115 2125 2154 2170 5.
2193 2110 2400 2160 Gewem-
2444 2154 2453 2159 „

196 2180 324 2232 malli
344 2181 470 2230 thone
498 2183 767 2245 rqflewdcrg,
795 2187 836 2228 τδ
856 2181 1234 2234 «α’ββωτονβειεηλὲω,
1260 2175 1483 2224 sabbatum
1502 2176 1759 2239 profanant:
1795 2179 2133 2226 wliet-wamme
2162 2179 2207 2222 in
2233 2174 2399 2223 statuti&-

194 2248 464 2300 Aetlzelbem
497 2248 614 2308 apud
637 2247 890 2309 Httkefium
907 2279 916 2297 ,
947 2246 991 2288 in
1013 2241 1113 2287 Diff
1137 2243 1368 2303 Epistolari
1395 2262 1442 2304 p.
1466 2259 1495 2300 9
1533 2281 1544 2291 .
1570 2260 1690 2290 notat
1711 2241 1835 2290 faciei
1856 2240 2246 2294 deformationem,
2276 2242 2399 2301 quo'd

191 2317 322 2365 latine
341 2315 566 2374 loquentes
595 2321 734 2361 walum
760 2328 849 2359 uam
872 2312 1036 2365 dixere,
1068 2324 1117 2354 ut
1135 2309 1250 2354 idem
1273 2308 1726 2373 dofflffimusxAuRor
1745 2324 1937 2356 annotat.
1958 2309 1986 2354 l.
2008 2325 2045 2354 c.
2066 2324 2115 2367 p.
2133 2323 2216 2370 97.
2265 2310 2398 2354 Perti-

193 2399 266 2430 net
287 2383 371 2428 huc
391 2383 520 2426 etiam
538 2380 656 2426 haud
676 2379 805 2425 dubie
829 2381 1090 2422 Fennonum
1111 2391 1315 2423 wamma,
1345 2376 1516 2427 menda,
1534 2377 1708 2431 vitium,
1730 2372 1904 2420 austore
1915 2371 2138 2438 Jztsleuw,
2161 2376 2205 2419 in
2226 2377 2398 2426 Lexico.

192 2453 243 2497 In
272 2447 489 2494 nonnullis
518 2444 710 2492 dialeffis
738 2461 821 2505 pro
843 2444 1171 2494 hoccewamm,
1192 2442 1320 2485 unius
1349 2441 1547 2485 litterula?
1571 2442 1823 2496 mutatione,
1853 2439 2001 2486 hamm
2021 2438 2189 2488 distum
2206 2441 2397 2494 invenio,

193 2515 329 2578 Apud
354 2511 594 2577 otfridum
621 2527 732 2558 certe
752 2508 871 2565 leam,
900 2522 1126 2560 maneum,
1147 2505 1334 2561 debilem
1355 2521 1488 2554 notat.
1518 2505 1618 2554 Lib,
1633 2508 1708 2557 111.
1729 2503 2026 2567 Cap.1V,16.

738 2591 830 2642 Ἠιε
857 2589 996 2656 lagun
1022 2587 1104 2651 fol
1128 2591 1180 2636 al
1209 2602 1392 2638 mannes

726 2654 907 2708 sieclzes
925 2660 1010 2704 inti
1026 2655 1236 2704 hammes.

735 2729 854 2788 Qiae
885 2736 1002 2769 erant
1039 2723 1203 2784 repleta
1232 2722 1489 2771 'nominibus

734 2792 928 2852 AEgrotis
954 2790 996 2835 ὅ(
1024 2792 1205 2838 mancis.
2268 2787 2398 2837 Arbi-

250 2922 293 2975 *)
322 2921 567 2962 offendimus
589 2919 748 2959 eandem
776 2927 911 2957 vocem
933 2915 1035 2969 apud
1051 2917 1297 2961 Alemannos.
1350 2915 1539 2966 Tatianus,
1565 2929 1644 2973 cap.
1665 2916 1753 2968 166,
1773 2928 1810 2961 1.
1845 2915 1928 2958 Enu·
1944 2927 2031 2955 uuas
2033 2915 2084 2968 ju
2088 2897 2270 2968 jouuihtes
2285 2926 2393 2966 maan,

307 2988 358 3016 an
372 2975 485 3016 unius
508 2975 564 3016 rei
583 2972 746 3014 defectus
766 2971 872 3013 vobis
890 2968 992 3012 fuit?
