2473 3380
475 158 700 213 INTER
735 120 1270 218 MosssoooTHos
1310 163 1822 220 REPERIUNDIS.
2159 187 2252 236 145

49 268 281 333 gionibus‚
318 266 392 317 sed
410 272 612 320 maximae
631 276 823 336 Europae
841 277 956 338 parti
975 277 1157 325 intulere
1182 278 1366 344 Scythae,
1393 278 1460 326 vel
1477 279 1714 328 Gothicam
1735 276 1885 336 fuiss'e,
1920 277 1986 326 vel
2009 283 2137 330 etiam
2157 283 2253 331 Cel-

48 338 201 395 ticam,
235 354 370 400 quam
395 335 501 384 semi
522 341 863 389 ·Germanicam
881 343 1072 406 appellat
1088 347 1267 396 Livius.
1331 347 1455 392 Dum
1480 345 1660 393 ulterius
1689 363 1791 394 cum
1818 347 1966 393 animo
1986 365 2253 410 reputamus,

45 418 138 450 non
157 418 326 452 tantum
348 405 393 450 in
412 403 612 453 Thracia
632 408 975 470 regionibusque
995 412 1174 457 Graeciae
1199 412 1503 468 conterminis,
1538 409 1657 459 sedes
1685 411 1779 460 suas
1799 411 1930 459 fixisse
1951 415 2150 478 Scythas,
2182 415 2254 463 sed

46 470 178 516 etiam
201 469 339 532 ipsam
358 471 547 519 Hellada
566 490 640 520 eos
660 473 850 533 tenuisse,
876 492 1109 537 antequam
1128 479 1270 525 Graeci
1290 479 1332 526 ὅτ
1349 481 1474 525 Iones
1495 479 1540 524 in
1563 481 1792 540 Europam
1809 477 1849 525 se
1870 481 2155 541 contulerant,
2177 483 2256 542 qui

45 535 155 582 adeo
175 536 255 599 ipsi
273 537 452 601 Scythas
470 555 555 600 pro
571 539 898 601 Aboriginibus,
924 543 986 589 vel
1008 558 1119 589 certe
1141 543 1466 604 antiquioribus
1487 546 1670 592 Colonis
1690 545 1893 604 habuere,
1911 549 1976 593 uti
1995 547 2257 597 Herodotus

44 600 289 661 aliquotieS,
309 604 352 651 ὅ(
371 604 509 653 Plato
529 607 574 651 in
597 605 801 674 Cratyl0‚
820 608 937 654 ultro
956 604 1158 664 fatentur,
1183 619 1261 656 εἰσὶ
1290 617 1338 666 δὲ,
1369 611 1526 669 inquit,
1561 620 1653 669 ,εμᾶυ
1669 615 1895 672 ᾰςχαιὸτεςοι
1920 620 1952 659 οῖ
1968 620 2155 675 Βίςβωςοι,
2180 632 2257 663 no·

44 665 113 714 bis
132 667 198 728 (in
215 669 297 717 hac
314 672 514 733 regione)
530 674 798 733 antiquiores
817 671 914 720 sunt
933 673 1123 732 Barbari,
1142 675 1190 721 h.
1210 689 1248 721 e.
1268 674 1460 736 Scythae:
1482 675 1526 735 ⁴⁶)
1562 675 1759 721 elucescit
1779 674 1901 722 sacile
1914 708 1925 730 ‚
1960 679 2105 737 credo,
2141 680 2257 728 unde

42 728 215 782 fafium
233 734 295 794 fit,
327 752 389 795 ur,
418 739 666 784 commixtis
687 740 729 785 ὅ(
748 739 882 785 veluti
899 737 1233 791 coalescentibus
1254 738 1423 785 duabus
1442 741 1560 787 hisce
1580 740 1752 787 diverfis
1774 742 1947 802 linguis,
1969 744 2078 804 quid
2096 748 2256 807 cuique

41 798 204 847 harum
221 804 452 850 nationum
478 805 525 850 in
553 802 748 851 sermone
775 807 1015 866 proprium
1037 803 1184 864 fuerit,
1211 804 1438 865 progrelsu
1457 809 1670 868 temporis
1690 824 1801 868 aegre
1822 809 2015 869 dignosci
2036 815 2255 872 potuerit:

43 864 309 929 &inprimis
329 869 502 916 evidens
522 869 599 927 est,
634 887 708 917 eos
731 886 916 934 ‘operam
939 871 1110 928 ludere,
1147 873 1225 932 qui
1245 871 1421 917 illarum
1441 889 1602 919 vocum
1622 871 1898 933 scaturigines
1913 906 1923 925 ‚
1961 893 2066 934 quas
2090 879 2257 942 Scythae

43 932 336 993 reliquerunt,
371 935 496 982 domi
515 936 557 982 ὅ(
575 937 618 981 in
635 939 876 982 recentiore
895 938 1154 984 Graecorum
1175 939 1322 998 lingua
1345 954 1538 997 quaerere
1557 938 1808 987 voluerunt,
1879 941 2002 986 Vidit
2022 942 2080 999 id,
2100 944 2142 988 ὃ(
2165 962 2260 1007 can-

44 997 146 1045 dide
168 997 383 1047 confessus
405 1000 464 1047 est
484 1002 623 1050 Plato
641 1004 687 1047 in
707 1002 890 1049 notabili
911 1003 988 1048 illo
1009 1003 1210 1064 dialogo,
1245 1020 1377 1062 quem
1398 1020 1541 1065 nuper
1559 1003 1755 1059 laudavi,
1790 1004 1999 1064 cuiusque
2018 1007 2146 1055 verba
2166 1008 2260 1056 brc-

44 1065 187 1112 vitatis
214 1084 332 1128 ergo,
368 1084 416 1113 ex
434 1067 644 1132 Marfilii
660 1068 809 1116 Ficini
829 1070 1187 1129 interpretatione
1207 1067 1400 1117 afferam.
1452 1070 1636 1128 „Unde‚
1665 1071 1820 1130 inquit,
1854 1088 2014 1119 nomen
2035 1074 2167 1121 trabit
2193 1088 2262 1140 πῖ(
2319 1113 2323 1116 .

46 1130 129 1192 ‚,&
148 1135 258 1194 ὄὶας,
292 1133 338 1185 id
361 1130 432 1190 est,
453 1135 565 1194 ignis
588 1134 630 1181 &
650 1133 794 1194 aqua?
826 1135 954 1192 Vide,
967 1136 1074 1195 quid
1096 1136 1149 1182 de
1168 1137 1254 1183 hoc
1270 1134 1473 1197 suspicer.
1541 1139 1658 1183 Reor
1675 1136 1904 1196 equidem,
1925 1138 2062 1186 multa
2082 1144 2265 1190 nomina

43 1197 261 1255 „Graecos
279 1215 302 1244 a
323 1198 537 1257 Barbaris,
574 1217 648 1246 eos
665 1198 920 1261 praesertim,
956 1203 1035 1261 qui
1053 1199 1131 1263 sub
1151 1203 1348 1249 Barbaris
1366 1199 1483 1257 sunt,
1520 1201 1729 1252 habuiffe.
1796 1204 1842 1249 Si
1863 1205 1962 1263 quis
1982 1204 2144 1254 restam
2163 1207 2262 1255 isto-

41 1279 183 1320 „rum
203 1263 531 1325 impositionem
553 1266 793 1312 lecundum
812 1267 1011 1313 Graecam
1031 1284 1184 1315 vocem
1203 1283 1378 1328 quaerat,
1413 1285 1501 1314 non
1520 1265 1754 1315 secundum
1773 1284 1882 1327 eam,
1918 1288 2004 1331 qua
2023 1271 2081 1318 est
2100 1291 2262 1322 nomen

41 1358 71 1386 ,‚
86 1331 335 1388 inventum,
372 1333 585 1378 nimirum
611 1332 819 1394 ambiget.
890 1333 1001 1379 Vide
1033 1336 1203 1393 itaque,
1234 1352 1286 1379 ne
1313 1350 1474 1380 nomen
1503 1334 1589 1380 hoc
1609 1345 1687 1395 orb'g
1710 1334 1986 1383 barbaricum
2015 1337 2084 1397 fit,
2120 1357 2263 1402 neque

42 1397 204 1453 „enim
223 1393 349 1443 facile
367 1396 449 1454 est,
483 1397 596 1444 istud
618 1400 780 1444 Graecae
807 1399 966 1457 linguae
992 1399 1346 1446 accommodare:
1383 1396 1654 1457 constatque,
1687 1401 1746 1445 ita
1779 1401 1865 1447 hoc
1893 1404 2087 1466 Phryges
2117 1408 2265 1453 nomi-

45 1493 76 1519 „
89 1478 203 1518 nare,
236 1458 397 1524 parum
421 1463 529 1523 quid
550 1464 822 1519 declinante3‚
857 1464 900 1509 ὅ(
920 1465 1009 1524 35⁶3
1026 1464 1068 1510 ὅτ
1085 1469 1206 1523 mua„
1237 1465 1281 1511 id
1300 1462 1358 1509 est
1375 1480 1539 1523 aquam
1565 1465 1607 1511 δι
1628 1482 1771 1523 canes,
1806 1466 1977 1527 aliaque
1999 1472 2266 1531 permulta.“

46 1527 265 1575 Videmus
296 1528 417 1586 heic,
439 1529 666 1576 Platonem
690 1532 772 1576 tria
798 1529 870 1575 illa
891 1529 1102 1576 vocabula
1118 1540 1199 1591 arag,
1219 1536 1320 1592 ὺδας,
1352 1530 1394 1576 δι
1419 1537 1504 1580 xv'm
1532 1533 1763 1593 peregrina
1791 1532 1833 1578 &
1853 1532 2071 1582 barbarica
2092 1537 2266 1596 duxisse,

45 1594 93 1641 id
123 1593 245 1654 quod
272 1594 338 1641 vel
367 1595 466 1642 ideo
496 1611 648 1643 notatu
677 1595 864 1657 dignum
890 1593 972 1641 effe
999 1595 1215 1649 arbitror,
1252 1596 1376 1656 quod
1406 1597 1557 1644 eadem
1586 1614 1670 1658 pro
1700 1595 1785 1645 suis
1815 1596 1985 1659 suaeque
2009 1601 2134 1650 domi
2156 1606 2267 1652 natis

45 1657 279 1722 agnoscant
295 1661 607 1725 Scythogothi.
640 1672 713 1724 1¹32
732 1663 849 1708 enim
870 1659 929 1708 est
947 1678 1208 1724 germanum
1227 1659 1582 1724 Anglosaxonum
1593 1660 1694 1730 fyr,
1700 1665 1790 1729 fir,
1809 1665 2140 1715 Alemannicum
2157 1671 2267 1734 fiur,

47 1728 349 1774 Teutonicum
365 1725 495 1791 fitur,
529 1729 667 1777 Goth.
677 1726 783 1795 fyr,
813 1728 933 1787 quod
957 1744 1108 1780 omnes
1127 1744 1304 1774 norunt.
1353 1741 1449 1794 wne
1488 1747 1578 1776 non
1600 1731 1748 1776 minus
1769 1729 1966 1778 nostrum
1991 1730 2060 1779 est.
2113 1738 2162 1781 In
2185 1737 2270 1793 lin-

48 1808 134 1854 gua
162 1794 279 1839 enim
308 1794 517 1841 Islandica
545 1794 636 1842 udr
665 1795 902 1840 humorem
932 1793 1127 1851 denotat,
1161 1795 1277 1842 unde
1295 1799 1451 1864 udigr‚
1479 1796 1710 1854 humidus,
1740 1796 1911 1857 (Latine
1929 1801 2056 1858 udus,
2083 1800 2268 1866 uvidus)

47 1856 154 1916 uda,
187 1859 355 1920 pluere,
386 1858 483 1918 ude,
510 1860 671 1921 pluvia,
690 1862 833 1908 Graec·
853 1862 943 1917 ἴω,
976 1859 1328 1922 Anglosaxonice
1344 1861 1441 1929 yth,
1464 1862 1595 1918 unda,
1614 1880 1740 1923 aqua,
1758 1860 1884 1931 γίΙια,
1908 1863 2075 1923 Ηιιᾶιιε,
2085 1866 2270 1934 ytln‘an,¹

3 1928 11 1981 ᾗ
48 1923 200 1974 fluere.
269 1927 478 1974 Tertium
504 1923 661 1973 faciem
682 1924 805 1973 suam
824 1927 1146 1985 aliquantulum
1164 1931 1371 1987 mutavit,
1405 1929 1477 1976 sed
1499 1931 1557 1975 ita
1576 1943 1745 1984 tamen,
1781 1946 1830 1977 ut
1860 1931 1914 1977 ab
1943 1935 2123 1982 eruditis
2148 1934 2270 1982 facili

49 2007 184 2052 opera
202 1990 472 2052 agnoscatur,
494 1991 612 2039 haud
632 1994 794 2054 ignaris
815 1991 844 2040 k
863 1992 904 2038 δι
923 2007 945 2040 c
966 1994 1011 2038 in
1035 1993 1140 2040 orbe
1161 1994 1356 2042 Gothico
1375 1992 1715 2057 frequentissime
1739 1998 1783 2042 in
1806 1995 2146 2057 adspirationem
2167 2019 2270 2048 con-

49 2058 174 2104 verti.
194 2074 230 2107 e.
247 2073 291 2117 g.
313 2074 464 2114 cornu,
493 2055 623 2115 horn,
647 2058 850 2114 calamus,
885 2055 1023 2115 Izalm,
1054 2059 1097 2105 <Sc
1121 2061 1349 2108 innumera
1369 2063 1463 2113 alia.
1494 2073 1497 2075 ’
1517 2069 1609 2113 κύω
1635 2063 1778 2123 itaque
1807 2061 2025 2111 diversum
2056 2085 2146 2114 non
2168 2066 2227 2114 est
2246 2084 2271 2116 n

50 2120 202 2168 nostro
223 2122 314 2171 lum
333 2123 401 2169 vel
421 2120 557 2180 hund,
587 2141 706 2180 voce,
727 2141 824 2183 quae
845 2126 889 2169 in
909 2125 1059 2170 codice
1077 2140 1281 2186 argenteo
1303 2128 1602 2188 omnibusque
1631 2127 1823 2175 dialegtis
1842 2131 2044 2178 Gothicis
2066 2135 2271 2186 occurrit.

52 2186 176 2234 Idem
195 2188 264 2234 ille
286 2186 602 2250 Philosophus,
631 2188 709 2235 ubi
738 2191 781 2234 in
803 2191 1020 2250 originem
1042 2200 1090 2239 τέ
1108 2197 1213 2241 nanae
1253 2194 1459 2252 inquirit,
1489 2193 1652 2239 confili'i
1672 2196 1847 2250 verique
1869 2199 2006 2256 etymi
2027 2201 2179 2260 inopS,
2215 2200 2271 2246 ad

52 2251 224 2300 solitam
243 2252 283 2301 se
311 2254 565 2316 expediendi
586 2255 698 2301 viam
719 2252 1068 2316 confugiendum
1095 2255 1351 2314 arbitratur,
1386 2256 1543 2304 scilicet
1565 2258 1777 2318 nugsagm'u
1798 2279 1833 2301 rc
1853 2267 1912 2302 καὶ
1931 2268 2018 2302 τετυ
2040 2268 2140 2317 ebus,
2176 2263 2271 2310 bar·

56 2312 211 2366 baricae
238 2322 424 2383 originis
450 2321 579 2367 etiam
608 2321 719 2367 hanc
747 2337 902 2368 vocem
932 2319 1028 2372 esse.
1097 2323 1194 2381 Ego
1213 2323 1417 2381 quidem,
1445 2323 1647 2369 ultimam
1667 2320 1778 2365 hanc
1797 2335 1949 2365 vocem
1971 2321 2084 2368 inter
2108 2321 2271 2385 septen.

53 2386 259 2433 trionales
277 2388 365 2433 non
387 2388 546 2448 reperi,
583 2387 628 2434 id
647 2386 767 2448 quod
787 2387 832 2433 in
852 2401 967 2433 tanta
988 2403 1384 2436 monumentorum
1400 2403 1596 2436 veterum
1617 2386 1814 2447 penuria,
1850 2386 1981 2447 inque
2000 2390 2270 2438 tam-crebris

54 2452 308 2512 linguarum
327 2452 687 2500 vicissitudinibus
701 2489 712 2510 ‚
745 2453 805 2510 ὅτ,
834 2453 957 2513 quod
979 2467 1113 2514 caput
1134 2450 1207 2513 est,
1243 2456 1288 2502 in
1308 2470 1422 2502 tanta
1442 2472 1538 2501 mea
1559 2452 1816 2515 ignorantia,
1836 2453 2000 2497 mirum
2026 2458 2190 2502 nemini
2211 2459 2270 2502 vi·

55 2519 151 2565 deri
170 2517 319 2566 debet:
335 2519 457 2578 quod
480 2535 623 2566 tamen
643 2519 741 2565 heic
758 2520 846 2565 loci
864 2519 1158 2565 omittendum
1183 2537 1272 2567 non
1302 2521 1422 2582 duxi,
1443 2521 1555 2567 mihi
1576 2515 1811 2565 observasse
1832 2515 1943 2562 visus
1964 2516 2073 2577 sum,
2093 2523 2275 2581 quando

57 2586 298 2645 Scriptores
319 2585 475 2642 Graeci,
493 2583 741 2633 Scholiastae
761 2601 834 2632 aut
854 2584 1170 2646 Glossographi
1189 2588 1394 2635 voculam
1413 2585 1631 2642 adferunt,
1661 2600 1796 2644 quam
1817 2585 1933 2629 velut
1949 2593 2086 2644 ξενικὴ,
2101 2602 2274 2649 βαφάς..

60 2658 116 2704 κη’,
142 2666 217 2697 aut
243 2659 304 2703 τῆς
325 2655 485 2710 ignata<
513 2658 675 2705 γλόττης
697 2666 860 2708 notant,
894 2667 943 2698 ut
962 2652 1207 2711 plurimum
1230 2653 1347 2700 illius
1369 2652 1621 2716 prosapiam
1640 2653 1685 2697 in
1710 2650 1903 2696 Gothico
1924 2649 2031 2705 orbe
2049 2654 2274 2712 reperiun-

62 2718 164 2765 dam
191 2713 291 2764 esse.
360 2713 501 2777 Quod
526 2731 579 2760 ne
604 2712 763 2764 frustra
783 2715 929 2765 dixisse
948 2716 1110 2775 videar,
1142 2735 1234 2766 uno
1253 2720 1445 2768 alterove
1466 2721 1597 2767 allato
1617 2716 1818 2778 exemplo
1838 2715 2056 2778 probabO.
2099 2717 2273 2783 Arf'stoss

2170 2786 2277 2834 τείω-

116 2890 158 2941 *)
183 2888 364 2928 Hecataeus
381 2891 484 2943 apud
501 2888 704 2928 Strabonem
722 2889 764 2927 in
781 2889 944 2929 eandem
959 2889 1185 2932 sententiam
1210 2895 1261 2933 ait
1285 2893 1369 2934 Lib.
1383 2894 1468 2932 Vll,
1498 2883 1556 2928 ‘sm
1575 2888 1643 2941 πςδ
1661 2890 1726 2928 ταῖν
1751 2886 1893 2931 Ελλήνων
1912 2883 2045 2931 b'nnmv
2063 2884 2171 2929 dm}
2187 2886 2276 2940 βοῖς·

118 2968 124 2971 κ
168 2948 285 2991 pagos.
339 2943 470 2983 Sermo
489 2943 542 2983 est
562 2942 607 2982 de
627 2940 870 2996 Peloppneso.
906 2945 964 2982 De
982 2945 1151 2986 univerla
1170 2947 1304 2999 graecia
1321 2945 1395 2999 ipse
1413 2959 1507 2986 mox
1525 2944 1669 2983 Strabo:
1685 2939 1820 2990 Εχεδδν
1837 2946 1874 2981 τὶ
1891 2946 1952 2981 καὶ
1972 2944 1991 2986 ἦ
2009 2935 2190 2989 σύμπασα
2209 2949 2274 2979 Ελ-

176 3003 242 3034 λσις
260 2997 415 3035 κατοικίαι
438 2997 500 3035 r&
522 2993 707 3047 βαςβάςωι
732 2995 766 3033 ni»
786 2991 828 3032 rt?
844 2991 1009 3036 παλαιόν.
1061 2998 1064 2999 ’
