2473 3380
181 156 281 212 304
411 136 923 192 PRAEFATIONES
962 133 1337 190 SPECIMINI
1367 137 1741 192 GLOSSARII
1773 140 2133 193 PRAEFIXAE.

178 254 305 318 quod
325 251 540 320 Aggenus
566 249 767 301 Urbicus
786 249 839 296 de
859 249 1074 296 limitibus
1099 266 1309 309 agrorum
1333 267 1667 308 commemorat,
1686 252 1804 301 locus‘
1819 253 2029 318 publicus
2047 254 2096 301 in
2112 250 2399 316 fichurbanis
2442 286 2445 292 «

177 326 362 388 inopum
380 321 617 385 destinatus
629 314 891 383 funeribus.
927 332 965 365 v.
987 315 1257 364 Kirckmczn.
1283 317 1337 361 de
1355 313 1582 364 funeribus
1601 319 1902 365 Romanorum
1922 337 1971 381 p.
2000 328 2109 376 188·

315 408 512 455 Alterum
533 404 819 458 vocabulum,
856 401 976 461 quod
993 401 1091 448 heic
1107 399 1394 450 adferendum
1417 403 1542 461 duxi,
1575 402 1620 449 id
1639 400 1709 459 est,
1738 405 1860 463 quod
1880 405 2101 465 hodieque
2126 408 2170 452 in
2192 407 2398 452 omnium

180 473 383 524 nostrum
402 490 478 520 ore
499 469 558 517 est
577 468 696 520 ΕΜ,
728 467 959 527 quodque,
993 485 1079 514 una
1105 486 1204 515 cum
1235 466 1435 516 finitimis
1456 467 1621 526 Danis,
1652 467 1732 515 soli
1761 471 1955 530 gentium
1976 472 2271 518 Gothicarum
2300 474 2401 518 reti-

177 545 376 590 nuimus·
444 538 549 584 Vox
569 534 628 581 est
644 533 762 580 haud
781 533 911 579 dubie
931 533 1094 579 ultimae
1114 536 1402 595 antiquitatis,
1431 550 1584 597 utpote
1607 551 1704 594 quae
1725 536 2130 596 Anglo-Saxonibus
2149 556 2240 584 non
2259 536 2403 583 solum

179 606 409 657 familiaris
428 600 536 657 fuit,
570 600 730 662 quibus
748 599 893 650 AEled
910 601 1056 660 ignem
1076 604 1265 661 notavit,
1295 601 1438 651 AEled
1455 605 1619 651 wiccan
1639 603 1786 661 ignem
1809 599 2020 654 suscitare,
2041 600 2110 647 sed
2133 606 2261 649 etiam
2283 602 2401 663 apud

177 672 324 723 Persas
338 709 348 729 ,
382 668 648 731 quibuscum
670 666 804 712 multa
821 665 902 712 alia
921 683 1002 712 nos
1023 669 1276 713 communia
1294 668 1476 725 habere,
1512 669 1599 713 iam
1621 667 1792 713 dudum
1813 667 1973 712 eruditi
1995 665 2286 722 observarunt,
2315 670 2397 715 ho-

179 739 339 800 dieque
358 738 499 798 viget‚
534 734 642 780 dum
662 731 888 778 flammam
913 733 1025 793 ignis
1043 733 1134 781 Ala
1167 749 1343 790 vocant,
1374 732 1474 779 teste
1498 732 1772 789 W'achtero,
1809 735 1852 778 in
1874 731 2015 781 Gloss.
2048 751 2096 793 p«
2121 742 2260 794 1480.
2327 734 2398 781 Ab

175 806 259 854 hac
278 803 421 851 radice
441 800 652 850 habemus
672 796 841 861 AEfflza
858 814 1026 855 amare,
1061 800 1211 845 eadem
1234 799 1515 861 metaphora,
1549 817 1636 860 qua
1655 801 1701 845 in
1723 800 1871 861 lingua
1891 799 2024 845 latina
2046 800 2197 846 ardere
2213 837 2223 855 ‚
2254 802 2397 847 incen-

182 893 242 952 di,
263 894 380 939 idem
401 892 592 939 denotat.
649 873 828 936 Aldare
847 886 1137 933 incendiarius
1160 888 1203 932 in
1230 886 1340 948 legg.
1363 885 1574 948 Westrog.
1601 886 1730 934 Bard.
1759 904 1797 933 c.
1825 902 1867 946 5.
1897 900 1936 933 r.
1973 900 2130 946 praeter
2155 884 2396 946 composita

177 960 403 1028 Etdstad,
436 954 587 1012 soem,
624 949 904 1020 Ekiskyffel,
939 952 1138 998 batillum
1167 954 1245 1003 ὅτε.
1316 956 1482 1001 Ortum
1512 970 1615 999 vero
1646 953 1734 998 hoc
1765 951 2031 998 vocabulum
2063 953 2183 998 ducit
2211 969 2233 997 a
2261 951 2394 998 verbo

179 1027 281 1085 ula,
316 1024 437 1086 quod
457 1020 686 1070 accendere
715 1034 856 1075 notat,
891 1018 996 1065 bibl.
1022 1017 1089 1066 Isl.
1121 1022 1226 1068 Lev.
1252 1024 1298 1068 6.
1326 1037 1365 1067 v.
1390 1035 1464 1068 12.
1522 1019 1729 1068 Eldurin
1743 1016 1879 1081 skall
1915 1017 2086 1066 brenna
2116 1033 2145 1064 a
2163 1019 2402 1066 Altosenu*

179 1109 239 1160 og
256 1086 618 1154 alldreislokna.
689 1085 924 1148 Preslurin
938 1082 978 1145 s
973 1083 1072 1131 kall
1088 1083 1228 1133 liuern
1247 1102 1441 1151 morgan
1467 1086 1544 1133 ala
1564 1085 1688 1132 elden
1716 1101 1745 1132 a
1771 1083 1885 1133 thui.
1924 1086 1950 1132 i.
1972 1102 2011 1131 e.
2081 1086 2198 1145 Ignis
2222 1086 2303 1130 erit
2323 1082 2394 1130 su'-

176 1177 258 1223 per
277 1157 424 1216 altari,
459 1155 538 1215 qui
556 1166 783 1213 nunquam
802 1148 1104 1212 exstinguetur.
1171 1152 1379 1198 Sacerdos
1399 1152 1594 1212 quolibet
1623 1167 1748 1196 mane
1767 1148 1981 1197 suscitabit
2004 1151 2149 1212 ignem
2174 1149 2300 1212 super
2322 1161 2394 1200 eo‘.

176 1236 302 1300 Jqlan
323 1242 586 1304 Anglo·Sax.
605 1240 666 1287 id.
734 1243 799 1287 Ut
818 1254 961 1286 autem
983 1238 1088 1299 quid
1108 1239 1227 1285 vocis
1245 1239 1339 1288 Ala
1356 1237 1427 1297 fit,
1458 1238 1542 1287 hoc
1564 1238 1661 1287 loco
1683 1238 1849 1296 dicam,
1880 1239 1946 1286 vel
1966 1239 2066 1287 ideo
2088 1257 2110 1286 e
2138 1255 2183 1286 re
2202 1256 2297 1285 mea
2318 1237 2392 1298 est,

179 1313 303 1378 quod
323 1307 437 1359 infra
455 1313 500 1356 in
521 1305 618 1370 ipso
645 1304 881 1369 specimine
907 1307 1010 1353 alias
1040 1306 1152 1352 mihi
1179 1306 1486 1368 explicandum
1517 1306 1642 1363 effet,
1677 1309 1720 1352 in
1750 1325 1788 1355 v.
1810 1308 1953 1356 Aleva
1981 1307 2024 1353 &
2042 1308 2228 1356 Alidan.
2258 1346 2263 1350 ,
2296 1304 2395 1354 Ala

173 1383 334 1445 igitur,
369 1376 492 1438 quod
510 1377 556 1422 in
575 1371 837 1437 imperfefito
864 1374 928 1423 Ol
947 1372 1090 1420 habet.
1127 1390 1166 1421 v.
1186 1376 1337 1422 Herw.
1358 1376 1400 1423 S.
1431 1391 1464 1422 c.
1487 1379 1535 1424 6.
1572 1373 1625 1420 ab
1654 1375 1751 1422 init.
1780 1376 1934 1435 primo
1968 1374 2213 1428 nutriendi,
2246 1372 2313 1417 vel
2331 1372 2396 1432 gi·

178 1446 343 1512 gnendi
361 1442 534 1492 sensum
555 1441 709 1503 habet,
741 1456 868 1500 atque
899 1440 957 1486 ita
985 1457 1035 1486 ex
1062 1438 1142 1485 affe
1173 1442 1373 1485 convenit
1401 1440 1637 1486 latinorum
1660 1441 1765 1488 Alo.
1805 1440 1914 1488 Bibl.
1937 1439 2008 1488 lsl.
2028 1442 2126 1501 Syr²
2145 1444 2191 1487 6.
2261 1436 2397 1486 Kdra

176 1514 297 1564 barn
316 1513 385 1563 lat
403 1507 484 1558 thu
511 1508 702 1558 viskuna
722 1508 790 1556 ala
815 1504 915 1573 tlzig
939 1523 1001 1571 up
1017 1502 1110 1568 fra
1136 1503 1413 1568 barnaeskia.
1480 1504 1647 1553 DileEte
1676 1503 1840 1563 infans,
1872 1504 1983 1565 sine,
2018 1521 2067 1551 ut
2095 1498 2329 1565 prudentia
2351 1518 2396 1550 te

175 1581 356 1637 educet,
386 1577 487 1623 inde
504 1593 530 1623 a
547 1572 742 1623 infantia.
776 1577 927 1620 Herw.
948 1576 990 1620 S.
1011 1573 1039 1620 l.
1060 1591 1098 1621 c.
1169 1573 1336 1622 Swava
1355 1574 1400 1620 ol
1416 1570 1534 1620 barn
1554 1574 1581 1620 i.
1602 1589 1637 1620 e.
1668 1571 1815 1619 Swava
1834 1572 1995 1617 liberos
2014 1572 2179 1632 genuit.
2231 1572 2397 1617 Oriun-

175 1662 251 1695 tur
279 1647 382 1692 hinc
401 1643 549 1709 Alster
568 1643 788 1704 genitura,
825 1637 971 1688 Alder
988 1641 1230 1700 generatio,
1260 1641 1471 1705 Siangar
1499 1638 1631 1687 older
1657 1638 1784 1684 liberi
1805 1637 1912 1699 Upl.
1940 1641 1991 1684 L.
2024 1633 2153 1684 Arfd.
2172 1640 2221 1685 Β.
2259 1654 2293 1686 c.
2317 1647 2400 1687 12.

177 1714 347 1769 Amin,
379 1708 616 1763 esculenta,
650 1708 693 1754 &
716 1708 920 1768 inprimis
941 1706 1123 1766 iuglans.
1192 1706 1382 1763 Deinde,
1417 1707 1482 1752 uti
1501 1722 1598 1764 quae
1623 1720 1726 1750 curn
1760 1720 1863 1751 cura
1890 1704 2089 1759 aluntur,
2123 1705 2276 1765 opima
2304 1699 2397 1749 fere

177 1778 312 1835 fiunt3
345 1779 403 1823 ita
421 1774 618 1821 nostrum
630 1774 721 1821 Ala
741 1789 920 1832 quoque
940 1769 1128 1832 saginare
1148 1787 1270 1818 notat
1286 1775 1503 1831 Prov.15.
1523 1772 1682 1818 Bettre
1699 1786 1754 1817 er
1772 1781 1944 1817 rtettur
1959 1767 2023 1831 af
2030 1769 2131 1817 kale
2149 1769 2251 1818 med
2264 1771 2398 1818 kioer·

178 1847 318 1902 leika,
349 1837 512 1890 heldur
529 1855 613 1888 enn
633 1840 729 1887 alin
757 1853 848 1886 uxe
874 1838 978 1885 med
997 1834 1144 1887 hatre.
1181 1839 1210 1888 i.
1236 1853 1273 1887 e.
1342 1835 1513 1882 Praestat
1538 1838 1605 1882 ius
1633 1836 1805 1881 olerum
1834 1852 1937 1881 cum
1970 1833 2227 1891 dileElione,
2257 1851 2395 1896 quam

177 1912 262 1962 bos
286 1907 501 1970 saginatus
522 1922 623 1952 cum
643 1904 885 1951 inimicitia.
953 1902 1247 1964 Moelogothis
1264 1901 1382 1948 idem
1402 1903 1521 1948 vocis
1538 1899 1796 1963 significatus
1814 1897 2041 1946 familiaris
2061 1916 2175 1958 erat,
2207 1917 2256 1947 ut
2274 1914 2395 1963 patet

180 1997 232 2027 ex
256 1977 366 2024 Luc.
391 1987 464 2034 15,
483 1987 562 2034 23.
598 1970 676 2017 ubi
692 1969 851 2018 alidan
865 1972 983 2032 stiur
1011 1984 1132 2015 notat
1160 1969 1347 2014 vitulum
1374 1965 1631 2028 saginatum.
1700 1969 1765 2011 Ex
1792 1967 1957 2027 triplici
1986 1966 2074 2013 hoc
2101 1966 2257 2013 nostrae
2273 1968 2394 2023 vocis

177 2041 442 2107 significatu,
476 2056 565 2099 quo
587 2039 775 2092 nutrire,
805 2033 1010 2096 saginare,
1030 2035 1266 2095 ignemque
1285 2031 1483 2080 suscitare
1505 2047 1650 2089 notat,
1679 2031 1822 2077 lucem
1853 2033 1983 2078 variis
2004 2033 2242 2078 latinorum
2262 2050 2395 2081 voca-

176 2111 297 2160 bulis
316 2108 470 2155 addere
491 2102 737 2166 poffumus.
805 2104 927 2148 Hinc
947 2103 1116 2162 quippe
1136 2100 1358 2157 videmus,
1392 2100 1467 2159 qui
1486 2096 1654 2145 faEtum
1670 2095 1829 2153 fuerit,
1865 2112 1915 2144 ut
1931 2096 2109 2147 adolere
2125 2098 2168 2145 ἃ
2187 2097 2395 2162 αόοΙςΙΖτ·

177 2194 254 2235 re,
286 2191 382 2236 quae
399 2173 503 2220 alias
519 2185 709 2218 cremare
730 2168 796 2214 vel
813 2167 983 2213 incendi
1017 2180 1159 2223 notat,
1194 2167 1260 2223 (ut
1278 2165 1397 2227 apud
1416 2168 1677 2221 Maronem,
1705 2159 1958 2224 adolestunc
1982 2164 2162 2230 ignibus
2187 2167 2306 2228 arae)
2335 2165 2394 2213 fi·
2455 2209 2459 2213 i

179 2243 277 2292 mul
293 2238 507 2289 crescendi
527 2234 808 2298 significatum
827 2234 1030 2280 habeant:
1066 2233 1182 2278 uude
1205 2248 1345 2293 porro
1372 2228 1631 2294 adolqsbens.
1698 2229 1875 2276 Frustra
1902 2232 2073 2293 quippe
2099 2229 2198 2278 sunt
2224 2247 2394 2296 etymo-

176 2312 295 2372 logi,
329 2308 408 2368 qui
427 2321 509 2352 nos
526 2303 581 2350 ad
605 2298 848 2349 obsoletum
871 2300 960 2348 oleo
979 2300 1231 2355 remittunt,
1263 2313 1419 2359 utpote
1438 2297 1560 2356 quod
1580 2298 1625 2342 in
1646 2297 1772 2342 Latio
1792 2313 2048 2356 nunquam,
2078 2297 2198 2356 quod
2219 2297 2395 2351 scimus.

178 2376 350 2426 exstitit.
405 2368 610 2419 Tranfire
628 2366 821 2414 vocalem
841 2382 870 2414 a
888 2366 1021 2412 huius
1040 2363 1159 2411 verbi
1176 2366 1223 2410 in
1241 2380 1265 2412 o
1279 2361 1408 2425 supra
1429 2363 1619 2409 diximus
1630 2380 1642 2418 3
1672 2378 1752 2407 cur
1772 2364 1876 2407 item
1891 2364 2045 2410 altilia
2067 2364 2277 2422 dicantur,
2297 2381 2394 2426 quae

176 2442 364 2508 pinguia
386 2435 508 2495 sunt,
540 2435 672 2495 idque
691 2433 759 2479 vel
777 2432 983 2493 proprie,
1014 2430 1082 2477 vel
1100 2427 1298 2491 figurate.
1352 2432 1416 2476 Ut
1435 2428 1544 2474 dum
1562 2430 1610 2474 in
1627 2423 1884 2487 fragmentis
1905 2429 2064 2477 Plauti
2081 2429 2293 2478 habemus
2314 2433 2395 2482 Al-

176 2510 250 2560 351,-
251 2526 274 2557 s
290 2507 384 2556 dos·
418 2506 451 2554 i,
469 2520 506 2554 e,
524 2500 755 2563 opulenta,
785 2499 985 2561 pinguis.
1054 2492 1221 2542 Confer
1231 2494 1453 2551 Aletudo,
1488 2494 1609 2554 quod
1627 2509 1653 2538 a
1673 2494 1792 2557 Festo
1813 2495 2051 2555 explicatur
2069 2512 2151 2556 per
2169 2499 2396 2559 pingvedi-

177 2592 296 2625 nem.
363 2571 434 2619 Ab
454 2573 579 2630 igne,
606 2567 679 2614 cui
697 2579 907 2624 tanquam
927 2561 1139 2624 pabulum
1159 2558 1356 2619 inservit,
1391 2560 1568 2607 Gothos
1587 2559 1757 2616 Aleva,
1788 2560 1863 2609 lat.
1886 2561 2050 2609 olivam
2069 2562 2110 2608 ἃ
2130 2565 2284 2620 oleum,
2312 2567 2393 2618 Gr,

173 2654 293 2692 <taam
312 2634 542 2692 formasse,
573 2631 688 2679 mihi
714 2632 803 2676 veri
822 2629 994 2676 videtur
1007 2627 1161 2677 fimile.
1229 2627 1390 2674 Altaria
1410 2642 1550 2686 quum
1572 2625 1790 2682 dicantur,
1823 2626 1966 2673 verbis
1995 2643 2098 2674 utor
2115 2628 2251 2687 Festi,
2284 2634 2393 2695 quia

176 2706 243 2758 ibi
262 2704 503 2754 adolentur
519 2705 668 2766 ignes,
702 2692 828 2743 facile
845 2694 958 2751 mihi
978 2691 1252 2751 concesseris,
1286 2693 1418 2739 altare
1436 2691 1610 2738 aliunde
1635 2707 1786 2739 ortum
1812 2709 1902 2739 non
1929 2690 2033 2744 esse.¹
2070 2711 2201 2754 quam
2229 2696 2282 2743 ab
2309 2697 2394 2750 ald

179 2772 293 2828 aeld,
324 2772 437 2831 ignis
456 2768 498 2815 δι
517 2781 596 2823 αν,
629 2761 776 2811 focus.
810 2765 903 2809 Lat.
922 2775 1027 2808 ara.
1061 2777 1105 2808 v.
1124 2762 1279 2808 Herw.
1301 2762 1343 2805 S.
1363 2775 1400 2805 c.
1435 2771 1510 2814 ις.
1577 2756 1868 2823 Eldifolgin
1893 2762 1910 2806 i
1937 2763 2070 2819 arni,
2104 2763 2216 2822 ignis
2237 2764 2390 2809 cineri-

179 2838 265 2886 bus
280 2834 420 2885 tessus
439 2836 485 2880 in
502 2829 624 2881 foco.
692 2825 995 2880 Arinlmukur
1013 2823 1160 2880 senex,
1191 2827 1270 2885 qui
1287 2822 1389 2872 foco
1408 2822 1569 2874 affidet.
1638 2820 1883 2874 Arinlzella
1903 2821 2046 2872 {olum
2065 2823 2178 2884 foci,
2209 2827 2389 2878 stratum

180 2900 275 2951 foci
292 2901 536 2963 lapideum.
604 2901 814 2945 Praetereo
835 2894 1010 2952 Graeca,
1043 2908 1096 2940 ne
1113 2892 1205 2941 haec
1225 2889 1585 2945 dissertatiuncula
1602 2893 1795 2940 nimium
1814 2890 2042 2951 excrescat,
2076 2907 2125 2941 ut
2143 2901 2237 2942 daia
2255 2894 2391 2954 calor,

181 2976 326 3021 irim
341 2967 516 3025 nutrio,
548 2963 704 3031 &alim
2279 2963 2389 3010 Prae.
