2473 3380
340 119 853 177 PRAEFATIONES
885 119 1257 174 SPECIMINI
1289 118 1664 173 GLOSSARII
1694 117 2055 173 PRAEFIXAE.
2189 130 2284 179 203

67 233 260 295 faciam,
293 238 477 299 proprie
496 235 604 294 dici,
639 236 720 292 ait,
754 236 845 283 iam
865 233 1033 282 ardens·
1058 232 1271 292 cadaver,
1304 237 1370 281 uti
1397 232 1597 291 bustum,
1626 233 1694 281 vel
1722 230 1908 289 ustrina,
1940 231 1996 280 ab
2024 228 2182 277 eodem
2200 228 2288 274 ele·

76 318 240 360 mento,
261 303 355 350 loca
376 302 651 360 dicebantur,
685 301 763 349 ubi
789 302 881 348 haee
901 298 1009 346 iusta
1038 303 1227 347 mortuis
1247 299 1618 362 persolvebantur.
1686 299 1808 364 Quid
1836 302 1979 358 itaque
2006 296 2060 343 efl
2084 293 2216 343 funus
2242 294 2287 341 vi

75 370 230 425 vocis,
252 369 350 424 nili,
384 384 433 415 ut
461 371 521 415 ait
548 366 754 425 Servius,
783 367 949 416 ardens
976 366 1192 424 cadaver,
1225 385 1248 413 a
1270 368 1367 415 Fun
1397 369 1523 428 ignis,
1579 369 1691 413 Non
1721 366 1900 426 quidem
1932 361 2143 419 diffiteor,
2177 360 2288 407 adeo

76 433 159 481 late
180 431 375 481 funebris
398 434 661 482 vocabulum
681 435 835 480 deinde
853 431 1113 493 usurpatum
1141 434 1352 491 inveniri,
1387 448 1435 481 ut
1452 447 1597 480 totum
1615 430 1911 491 exsequiarum
1928 427 2190 491 apparatum
2206 424 2287 472 suo

74 501 416 561 comprehendat
439 502 632 561 ambitu3
664 500 736 547 sed
765 500 808 546 id
827 517 931 545 non·-
945 499 1132 560 impedit
1155 516 1246 558 quo
1275 502 1420 546 minus
1447 501 1540 556 hic,
1577 516 1710 559 quem
1735 499 1848 552 dixi,
1883 499 2002 544 vocis
2032 489 2289 555 significatus

72 569 245 627 primus
268 567 309 614 &
330 570 544 630 proprius
566 565 723 624 fuerit,
756 568 820 613 uti
841 581 1017 625 quoque
1038 565 1193 611 codem
1213 564 1390 611 allufisse
1416 565 1615 612 au&0res
1644 566 1800 612 latinos
1821 565 1862 612 ἃ
1881 566 1924 610 in
1945 563 2103 624 primis
2122 566 2291 620 poetas,

71 634 357 694 proprietatis
375 634 614 680 verborum
632 632 826 681 custodes
842 629 1188 686 studiofiffimos,
1222 648 1310 677 non
1329 649 1418 678 uno
1438 633 1482 677 in
1502 633 1601 678 loco
1622 633 1812 683 invenio.
1879 632 1949 677 Sic
1970 629 2064 674 idea
2084 625 2197 686 ignis
2216 640 2291 672 vo·

29 761 32 762 ⁷
74 701 114 745 ci
137 698 336 746 adiunf'ta
357 699 579 761 emphafin
600 700 933 747 luculentiorem
953 697 1094 743 reddit
1111 695 1255 743 versus
1277 698 1553 754 Horatiani,
1586 698 1674 745 Od.
1693 701 1724 752 I,
1746 708 1791 752 8.
1821 713 1897 759 14.
1930 696 2009 742 ubi
2035 690 2290 740 incendium

73 765 198 812 urbis
217 768 426 812 Troianae
449 767 638 827 appellat
657 762 896 825 lacrimofiz
921 761 1269 826 Trojoefunera,
1327 767 1450 810 Dum
1479 767 1584 812 item
1606 764 1800 814 Ovidius
1829 765 2021 810 carmina
2047 758 2120 806 sua
2139 756 2192 806 de
2208 756 2292 806 do-

74 835 186 880 mini
195 830 362 895 funere
387 845 525 898 rapta
554 833 682 889 dicit,
712 833 766 878 ad
798 833 944 892 ignem
975 847 1136 889 corpus
1160 832 1326 876 mortui
1356 828 1687 886 absumturum,
1719 830 1878 892 procul
1907 828 2044 875 dubio
2071 820 2291 886 respegius

74 897 282 954 habetur,
316 916 339 946 a
363 916 478 958 quo,
512 901 682 946 titionis
711 897 861 952 instar,
898 898 989 942 haec
1018 897 1182 956 ingenii
1209 912 1498 944 monumenta
1525 896 1820 955 raptabantur.
1851 911 1901 943 v,
1922 892 2057 940 Trist.
2084 907 2122 948 1,
2142 906 2190 953 7.
2213 897 2292 950 38.

73 963 118 1011 &
137 976 315 1014 metam.
344 980 415 1025 14,
435 978 512 1013 20,
584 966 667 1011 Sed
689 964 794 1010 nolo
816 963 919 1010 huic
937 963 1030 1008 voci
1056 962 1222 1007 diutius
1248 964 1500 1009 immorari:
1536 962 1724 1008 modum
1752 958 1934 1017 faciam,
1967 957 2201 1020 postquam
2220 955 2291 1001 vel

73 1046 167 1076 uno
187 1031 401 1078 vocabulo
426 1047 668 1088 monuero,
701 1031 818 1092 apud
840 1029 1015 1094 Festum
1039 1025 1280 1085 observari,
1314 1029 1542 1081 arborem,
1575 1045 1671 1088 quae
1681 1029 1809 1090 Jovis
1830 1030 1933 1093 igne
1952 1022 2062 1071 tasta
2080 1021 2190 1078 fuit,
2223 1019 2294 1068 vel

73 1092 261 1142 fulmine
281 1095 386 1151 ista,
424 1097 685 1145 Fanaticam
705 1095 968 1158 appellatam
989 1092 1130 1143 fuisse.
1202 1100 1272 1140 An
1286 1091 1411 1157 fona
1434 1109 1631 1144 veterum
1658 1095 1712 1140 ab
1743 1095 1843 1154 igne
1871 1091 2085 1155 appellata
2113 1086 2292 1143 fuerint,

72 1168 165 1208 ‘non
185 1163 362 1222 quidem
384 1160 686 1222 affirmavero3
724 1163 769 1209 id
787 1180 890 1210 vero
910 1177 1075 1209 certum
1099 1159 1182 1213 est,
1213 1179 1304 1208 aras
1325 1159 1537 1222 focosque
1557 1162 1826 1223 praecipuam
1847 1174 2003 1206 eorum
2031 1150 2293 1204 constituisse

70 1245 263 1290 partem,
298 1229 487 1290 indeque
507 1231 880 1276 nomenclaturam
901 1226 1070 1275 facilius
1092 1225 1258 1277 desumi
1275 1226 1486 1290 potuisse,
1519 1244 1654 1290 quam
1678 1227 1744 1276 vel
1760 1244 1785 1274 a
1801 1229 1981 1288 Fauno,
2014 1222 2085 1272 vel
2102 1240 2127 1270 a
2142 1217 2294 1280 fando,

69 1312 168 1358 quae
190 1296 322 1358 vulgo
341 1311 551 1356 tanquam
569 1313 716 1359 etyma
737 1293 881 1343 afferri
902 1293 1057 1343 solent·
1120 1304 1126 1307 ’

203 1427 406 1476 Materiae
425 1426 631 1475 affinitate
650 1446 721 1475 me
741 1426 982 1476 excusatum
1005 1428 1059 1475 iri
1078 1427 1330 1491 speravero,
1365 1428 1395 1477 fi
1414 1429 1493 1477 hac
1522 1430 1742 1480 occasione
1768 1430 1851 1478 alia
1879 1423 2087 1475 nonnulla
2113 1421 2294 1470 nomina

71 1511 498 1553 commemoravero,
527 1496 689 1556 quibus
711 1497 756 1543 in
776 1496 966 1543 Gothica
988 1494 1148 1558 lingua,
1170 1497 1311 1548 latina,
1331 1514 1556 1558 graecaque
1579 1499 1689 1545 mihi
1710 1499 1865 1545 videor
1884 1490 2208 1555 deprehendere
2225 1504 2295 1537 ve.-

69 1561 212 1623 sti'gia.
262 1563 464 1608 Primum
483 1564 566 1608 erit
584 1560 783 1609 nostrum
805 1563 918 1620 Kol‚
948 1561 1045 1610 Kal
1055 1599 1065 1620 ‚
1100 1580 1192 1622 quo
1210 1564 1343 1609 hodie
1363 1563 1571 1612 carbones
1591 1563 1898 1625 fignificamuS.
1936 1563 2112 1621 (Germ.
2135 1551 2293 1609 Kome,

66 1629 202 1689 Angl.
225 1625 343 1690 coal)
370 1629 478 1674 olim
509 1645 613 1674 vero
643 1631 790 1689 ignem
822 1631 865 1674 in
896 1646 1051 1690 genere
1080 1629 1402 1678 denotavimus.
1474 1632 1601 1677 Unde
1620 1630 1881 1684 Amandus,
1919 1628 2060 1678 Olavi
2081 1619 2295 1672 Skottko-

69 1711 196 1759 nung
214 1692 350 1748 filius,
387 1694 447 1741 ob
468 1692 734 1741 severitatem
756 1697 800 1741 in
820 1695 977 1742 domos
1001 1693 1217 1753 fontium,
1252 1713 1359 1756 quas
1379 1697 1478 1757 igne
1496 1697 1746 1755 combusist,
1782 1696 2035 1750 exercitam,
2068 1687 2296 1741 Kulbren·

68 1776 133 1810 na
152 1758 292 1808 difius
311 1758 380 1807 est.
415 1777 455 1806 v.
474 1761 723 1822 catalogum
741 1778 897 1822 regum
915 1779 1131 1808 annexum
1151 1763 1264 1822 legg.
1284 1760 1661 1823 Westrogothicis.
1717 1766 1838 1808 Hinc
1857 1760 2072 1808 habemus
2095 1755 2297 1819 Koljarn

68 1830 117 1876 in
135 1830 289 1876 Herw.
309 1829 350 1873 S.
371 1845 406 1878 c.
433 1841 508 1887 15.
544 1824 714 1874 ferrum
733 1828 800 1874 vel
820 1827 1021 1891 chalybs,
1057 1845 1148 1888 quo
1178 1829 1326 1889 ignem
1353 1832 1630 1878 excutimus.·
1678 1825 1962 1890 Isulslzwarf
1981 1821 2297 1883 infortunium,

68 1894 139 1943 vel
168 1892 308 1950 casus,
338 1910 430 1953 quo
455 1895 606 1955 plures
635 1896 766 1940 unius
792 1891 991 1952 familiae,
1026 1894 1230 1941 incendio
1261 1893 1593 1944 consumuntur.
1626 1913 1666 1942 v.
1696 1899 1756 1944 O.
1786 1897 1840 1943 G.
1870 1897 1919 1939 L.
1958 1888 2086 1939 Arfd.
2105 1893 2153 1940 Β.
2188 1906 2227 1936 c.
2248 1891 2295 1936 6.

69 1961 207 2022 Apud
231 1960 559 2011 Gudmundum
582 1960 807 2013 Andreae,
843 1961 965 2009 Kola
984 1958 1173 2007 faculam
1196 1961 1262 2006 vel
1283 1961 1490 2021 lampado
1518 1977 1639 2008 notat
1667 1963 1710 2007 in
1738 1962 1816 2008 lex.
1839 1959 2076 2011 lslandico,
2111 1972 2160 2017 p.
2186 1966 2296 2013 149.

68 2027 245 2077 Kailna
268 2025 343 2075 eld
356 2027 590 2073 accendere
618 2027 765 2086 ignem
788 2024 907 2086 Ostg.
933 2031 982 2077 L,
1003 2031 1108 2090 Byg.
1131 2044 1168 2075 c.
1190 2040 1274 2087 44.
1324 2026 1424 2074 ‘Nu
1451 2044 1480 2076 a
1505 2026 1642 2076 bonde
1671 2028 1834 2075 warda
1861 2026 2002 2075 allum
2029 2020 2153 2072 thom
2186 2019 2296 2077 etde,

54 2091 166 2159 stem
185 2091 273 2142 han
291 2091 520 2158 qvildnar.
556 2094 585 2141 i.
606 2110 637 2137 e.
677 2091 991 2139 Paterfamilias
1017 2109 1196 2139 omnem
1227 2096 1397 2154 ignem,
1432 2111 1563 2153 quem
1591 2095 1805 2150 accendit,
1841 2110 1990 2140 curare
2018 2090 2160 2137 debet.
2225 2088 2294 2132 Ex

69 2162 149 2208 hac
168 2161 310 2208 radice
328 2159 443 2205 varia
465 2160 508 2204 in
532 2162 580 2210 L.
602 2173 688 2205 tam
710 2176 868 2220 graeca,
904 2176 1038 2219 quam
1059 2159 1213 2216 latina,
1247 2160 1465 2220 originem
1488 2160 1647 2207 duxere
1677 2160 1899 2207 vocabula.
1955 2162 2076 2210 κηλᾶω
2105 2152 2292 2202 combu-

70 2244 151 2288 ro,
186 2231 320 2284 Κηλές,
354 2223 513 2299 aglius,
548 2226 623 2274 lat.
651 2228 792 2283 caleo,
826 2243 927 2272 cum
958 2223 1162 2272 omnibus
1185 2225 1399 2275 derivatis,
1473 2226 1608 2283 Calo,
1643 2227 1767 2273 miles
1790 2228 1901 2282 tiro,
1935 2226 2061 2270 cuius
2092 2216 2294 2267 officium

67 2309 182 2355 erat,
215 2306 462 2338 ceterorum
489 2288 643 2339 focum
664 2288 821 2342 facere.
891 2295 995 2338 Huc
1015 2294 1146 2338 etiam
1165 2294 1350 2338 omnino
1370 2288 1472 2339 facit
1488 2295 1659 2349 culina,
1695 2309 1829 2354 quam
1848 2288 1938 2338 fere
1967 2305 2055 2336 uon
2074 2286 2160 2334 fine
2180 2284 2295 2332 indi-

70 2361 275 2422 gnatione
298 2358 449 2416 video,
486 2360 574 2405 iam
595 2376 618 2404 a
638 2359 822 2408 colluvie
848 2360 1056 2415 derivari,
1092 2359 1178 2404 iam
1200 2375 1325 2414 vero,
1361 2375 1582 2418 praeeunte
1607 2360 1844 2415 Varrone,
1879 2353 2054 2403 infelice
2071 2352 2182 2415 saepe
2202 2366 2294 2414 ety-

67 2427 284 2486 mologo,
315 2442 338 2470 a
358 2425 563 2482 colendo,
595 2427 698 2485 quia
718 2426 781 2472 ibi
803 2427 913 2486 ignis
934 2425 1107 2473 colitur.
1179 2425 1498 2471 Animadvertis
1521 2443 1647 2484 vero,
1679 2442 1753 2473 tua
1771 2424 1943 2487 sponte,
1969 2426 2019 2471 B.
2039 2425 2093 2470 L,
2111 2435 2183 2466 me
2202 2419 2295 2465 Go-

67 2493 195 2540 thicae
213 2492 332 2538 vocis
352 2488 492 2538 facem
510 2493 608 2539 voci
629 2492 734 2540 huic
755 2492 989 2554 defignare,
1023 2508 1151 2552 atque
1166 2508 1186 2536 a
1211 2492 1310 2540 Kal
1328 2494 1425 2551 igne
1444 2492 1636 2539 derivare
1655 2493 1777 2540 velle.
1848 2488 1923 2537 Est
1942 2505 2046 2536 vero
2067 2488 2170 2540 hoc,
2189 2501 2294 2533 meo

71 2559 256 2620 quidem
274 2558 441 2604 iudicio
456 2590 468 2614 ‚
504 2573 624 2605 tanto
642 2561 811 2620 aptius,
846 2576 1003 2618 quum,
1040 2558 1184 2607 Nonio
1206 2556 1480 2616 observante,
1515 2576 1603 2606 non
1624 2576 1715 2607 tam
1735 2564 1962 2624 coquinam
1981 2552 2186 2616 significet
2206 2552 2294 2600 hoc

69 2624 361 2681 vocabulum,
395 2641 529 2683 quam
549 2627 698 2684 potius
717 2625 960 2685 quemlibet
988 2626 1159 2681 locum,
1194 2627 1273 2685 qui
1308 2625 1506 2690 largiori
1534 2631 1633 2691 igne
1661 2629 1795 2677 lucet.
1864 2622 2012 2670 Nobis
2041 2620 2184 2680 adhuc
2211 2635 2296 2666 vox

71 2692 224 2738 eadem
243 2687 434 2751 superest
462 2692 507 2736 in
528 2692 705 2746 ΚϋΙηα,
740 2692 818 2738 ubi
854 2692 1071 2738 hordeum
1107 2707 1370 2737 maceratum
1401 2707 1593 2738 torretur
1628 2694 1682 2740 ad
1718 2689 1995 2752 coquendam
2032 2684 2295 2736 cerevisiam·

70 2756 265 2805 Cambro
286 2758 500 2802 Britannis
520 2760 662 2823 cylun.
695 2757 1102 2820 Anglo-Saxonibus
1123 2760 1236 2824 cyln.
1277 2757 1424 2817 Anglis
1452 2759 1573 2809 Kiln.
1633 2762 1689 2805 Et
1709 2759 1787 2804 hae
1809 2758 1988 2804 affumta
2010 2752 2295 2817 etymologiae

42 2881 46 2883 Α
70 2826 261 2880 ratione,
294 2822 505 2882 liquidius
523 2840 664 2885 patet,
698 2839 746 2871 ut
765 2825 809 2870 id
829 2823 969 2870 obiter
990 2840 1366 2880 commemorem,
1401 2840 1479 2870 cur
1498 2825 1651 2871 culinae
1672 2827 1850 2871 nomine
1881 2822 2045 2868 venerit
2072 2822 2216 2877 locus,
2246 2824 2294 2868 in

71 2907 157 2958 quo
177 2890 320 2959 epulae
339 2886 562 2954 insumere
581 2890 982 2953 comburebantur,
1019 2891 1139 2954 apud
1157 2894 1407 2952 Romanos,
1443 2889 1692 2941 observante
1713 2892 1833 2960 Fqsto
1852 2892 2078 2956 Pompelo,
2110 2887 2150 2934 ἃ
2175 2892 2296 3000 iterra,

2171 2971 2262 3015 quo
