2473 3380
782 126 1714 181 ANNOTATIONES.
2181 139 2274 191 133

83 239 279 292 observat
298 238 550 291 schilterus
566 241 610 286 in
628 239 864 289 Glossario.
923 244 1022 289 Nec
1049 243 1212 288 mirum
1242 241 1447 288 obvenire
1478 239 1627 297 debet,
1653 238 1683 285 {i
1710 235 1948 304 Ulphilas‚
1977 238 2052 299 qui
2080 235 2278 284 sermone

81 310 385 371 popularium,
416 307 468 369 ad
488 304 731 354 doffirinam
753 306 1037 354 Christianam
1060 325 1201 368 nuper
1221 305 1526 355 conversorum
1541 346 1550 363 ,
1569 305 1670 353 usus
1689 304 1768 359 est,
1787 307 1998 351 terminos
2020 306 2062 350 in
2083 303 2282 351 doRrina

78 374 318 433 evangelica
353 373 624 419 adhibendos
659 372 966 420 consuetudine
993 374 1202 421 stabilitos
1230 392 1320 420 non
1350 375 1589 433 invenerit,
1617 370 1687 418 scd
1719 373 1837 434 apud
1867 369 2061 417 infideles
2079 386 2278 429 veraeque

74 438 168 501 spei
186 454 380 500 expertes
401 437 615 487 necess‘um
637 439 857 495 habuerit,
877 441 1003 487 verba
1023 440 1149 487 rebus
1169 439 1317 486 sensim
1338 441 1686 488 accommodare.
1721 438 1984 503 Scytharum
2003 435 2095 497 spes
2115 436 2155 481 ἃ
2168 433 2276 482 fidu·

73 508 140 553 cia
163 506 270 553 olim
295 508 336 551 in
357 509 486 551 armis
498 504 568 552 fita
581 507 731 563 eran&
748 507 996 567 Theologia
1012 508 1280 565 eadem,quae
1297 507 1411 551 illius
1432 507 1547 567 apud
1560 505 1933 567 poetam,dextra
1954 502 2196 551 milnDeus
2206 503 2277 566 est.

279 569 512 632 Postquam
544 574 602 619 ita
630 573 795 629 lucem,
825 577 964 633 'quam
995 574 1241 633 potuimus,
1262 571 1373 617 hisce
1397 569 1652 632 fragmentis
1670 572 1924 633 Ulphilanis
1943 569 2283 625 conciliavimus,

75 638 283 699 epimetri
307 639 407 685 loco
428 636 747 685 observationes
768 639 1000 684 nonnullas
1027 636 1282 691 subdemUS,
1318 635 1394 683 sub
1423 654 1601 684 examen
1619 654 1846 684 vocaturas
1868 637 1961 691 illa,
1997 652 2092 696 quae
2109 634 2162 681 ad
2185 634 2284 696 phi-

71 704 284 767 lologiam
303 706 540 751 Gothicam
561 710 818 766 pertinentia
838 704 957 765 apud
977 704 1044 753 Cl.
1064 703 1329 751 Km'ttelium
1348 701 1524 762 sparsim
1542 704 1664 750 allata
1684 701 1951 750 offendimus
1963 722 1974 761 3
1996 703 2142 762 idque,
2164 699 2284 760 quod

73 771 234 817 iterum
257 769 395 818 fanHe
414 768 698 827 affirmamus,
727 787 814 816 non
834 786 883 816 ut
902 769 979 829 ipsi
997 768 1166 816 molesti
1185 767 1327 824 fimus,
1351 769 1551 831 jeiunum
1575 772 1692 815 enim
1716 770 1760 815 id
1777 767 1912 824 foret,
1943 767 2014 816 sed
2034 784 2083 815 ut
2102 767 2284 824 veritati,

72 837 193 897 quod
225 835 350 883 suum
380 837 461 892 est,
500 838 759 884 tribuamus.
829 834 1018 882 Instituit
1045 839 1113 883 vir
1131 833 1380 882 clariffimus
1407 835 1434 897 §
1474 850 1571 896 240
1620 854 1668 881 ex
1689 835 1884 901 Augerii
1904 835 2100 884 Gtslenn
2121 831 2283 882 Barbe-

72 910 165 968 quae'·
195 903 401 964 Epistolis
431 904 769 964 parallelismum
815 904 926 947 inter
951 904 1164 964 Linguam
1194 901 1436 947 incolarum
1467 904 1669 947 Tauricae
1699 899 1950 948 Chersonefi
1991 902 2034 947 &
2062 897 2283 960 Mcesogo-

72 969 253 1016 thicam.
325 973 372 1016 In
401 970 487 1016 hoc
514 986 700 1014 numero
733 966 923 1014 desidero
953 970 1155 1029 inprimis
1169 966 1416 1031 sthuualtlz
1446 984 1589 1023 mors,
1622 968 1745 1027 quod
1766 984 1969 1028 germane
1990 965 2288 1027 Llphilanum

72 1032 178 1091 esse,
214 1053 346 1081 nemo
366 1052 453 1082 non
474 1033 685 1096 agnoscit,
723 1051 799 1094 qui
820 1036 1030 1081 Codicem
1051 1039 1317 1095 Argenteum
1351 1033 1416 1080 vel
1445 1051 1467 1080 a
1494 1034 1646 1080 limine
1675 1031 1887 1082 salutavit,
1959 1033 2142 1082 Suiltan
2167 1032 2286 1077 enim

72 1100 137 1148 ibi
157 1104 270 1147 mori
291 1099 369 1157 est,
386 1097 548 1163 susak,
580 1116 782 1146 mortuus
800 1099 879 1154 est,
908 1097 1450 1164 Anglosaxonicesveltan.
1523 1097 1824 1165 Wclztgata‚
1845 1100 1967 1160 quod
1984 1098 2135 1146 album
2156 1095 2286 1158 expli·

70 1182 204 1222 catur,
227 1184 303 1213 nec
322 1167 510 1214 alienum
535 1165 592 1212 est
611 1184 632 1213 a
655 1164 980 1228 Moesogothico
1001 1168 1119 1232 qheit
1136 1167 1203 1212 vel
1229 1172 1366 1231 queit,
1401 1167 1521 1227 quod
1543 1166 1657 1213 idem
1677 1165 1819 1221 sonat,
1840 1169 2046 1229 inprimis
2064 1164 2094 1212 fi
2113 1181 2204 1211 non
2226 1164 2287 1209 in-

69 1231 194 1280 solita
225 1249 480 1291 neutrorum
509 1235 759 1279 terminatio
787 1247 867 1280 ata
895 1233 1173 1294 adiungatur.
1241 1235 1360 1280 Dum
1391 1248 1537 1279 autem
1556 1250 1695 1293 porro
1715 1233 1769 1279 ad
1796 1233 1915 1280 illam
1932 1231 2105 1280 classem
2125 1228 2290 1292 transit,

71 1301 196 1347 cuius
220 1299 392 1361 vestigia
414 1301 458 1345 in
478 1300 671 1346 Gothica
693 1299 838 1360 lingua
861 1316 951 1345 non
972 1298 1139 1353 exstare,
1159 1299 1232 1351 ait,
1253 1316 1398 1346 minus
1421 1295 1638 1349 satisfacit.
1707 1301 1866 1360 Incipit
1892 1317 1916 1346 a
1935 1316 2041 1346 voce
2061 1301 2130 1347 alt
2150 1295 2288 1353 senex,

70 1367 195 1418 euius
214 1365 297 1412 alia
323 1366 479 1412 indicia
498 1368 544 1412 in
564 1366 713 1413 codice
732 1371 950 1426 Argenteo
971 1382 1058 1411 non
1080 1366 1263 1424 reperit,
1290 1381 1424 1425 quam
1446 1365 1566 1424 quod
1588 1368 1695 1413 Luc.
1711 1382 1753 1421 2,
1768 1379 1843 1421 50,
1864 1368 2016 1413 aldms
2040 1366 2142 1412 alde
2161 1377 2287 1425 gene-

69 1435 260 1479 rationes
279 1435 607 1492 generationum
632 1445 842 1477 occurrat.
911 1433 1008 1490 Ego
1039 1432 1082 1475 in
1110 1431 1333 1491 praeientia
1353 1427 1535 1490 operose
1556 1447 1645 1476 non
1665 1430 1917 1490 disquiram,
1946 1430 2198 1477 eiusdemne
2216 1426 2286 1475 sti·

68 1499 175 1560 pitis
207 1495 361 1557 surculi
392 1497 526 1544 ambo
554 1496 631 1544 {int
648 1497 740 1543 haec
759 1495 969 1543 vocabula
987 1499 1054 1544 alt
1072 1496 1113 1543 ἃ
1132 1495 1297 1544 aldins.
1365 1498 1465 1543 Scio
1484 1512 1628 1542 autem
1643 1533 1653 1551 ,
1681 1499 1727 1542 in
1747 1510 1887 1555 vetere
1908 1497 2056 1558 lingua
2075 1494 2289 1543 Islandica

66 1567 145 1613 ala
164 1563 279 1610 idem
302 1561 382 1609 effe
401 1580 446 1610 ac
470 1580 697 1624 generare,
717 1566 793 1610 ala
821 1560 938 1612 barn
953 1597 967 1622 ,
986 1563 1147 1610 liberos
1165 1560 1402 1624 suscipere,
1423 1562 1580 1608 deinde
1599 1566 1730 1609 etiam
1751 1564 1949 1620 educare,
1968 1564 2009 1610 δι
2028 1562 2202 1609 tandem
2224 1557 2285 1608 sa-

51 1631 240 1693 ginare,
275 1646 371 1689 quae
391 1630 546 1676 ultima
564 1626 818 1690 significatio
839 1630 960 1690 apud
985 1628 1225 1695 Ulplnlam
1250 1631 1440 1676 occurrit
1460 1631 1503 1674 in
1523 1630 1682 1677 alidan
1695 1632 1824 1693 stiur,
1848 1632 1956 1677 Luc.
1976 1646 1994 1677 1
2008 1644 2050 1687 ς’,
2064 1643 2141 1691 23.
2175 1628 2289 1674 vitu·

68 1697 165 1743 lum
196 1693 455 1756 saginatum.
525 1697 666 1741 Latini
700 1696 819 1743 alere
848 1696 1018 1751 dicunt,
1048 1697 1161 1742 alere
1178 1697 1359 1754 liberos,
1380 1697 1549 1749 altilis,
1568 1696 1738 1752 altilia,
1759 1696 1837 1742 ἃς.
1907 1699 2016 1742 Sunt
2034 1711 2162 1750 vero,
2190 1707 2286 1752 quae

68 1764 277 1825 propiori
299 1764 392 1808 iure
410 1762 496 1808 huc
522 1765 738 1822 pertinere
760 1761 984 1816 videntur:
1021 1761 1051 1808 fi
1072 1765 1189 1810 enim
1208 1764 1358 1809 minus
1377 1760 1632 1819 observavit,
1655 1763 1697 1807 in
1722 1760 1910 1826 Ulplzila
1929 1764 2164 1827 Illzfirato
2183 1758 2286 1805 alla-

67 1844 163 1876 tum
188 1825 296 1884 esse,
313 1830 494 1877 aldema
511 1846 595 1890 pro
615 1826 828 1874 senestute
849 1844 1074 1875 occurrere
1096 1832 1202 1879 Luc.
1219 1846 1258 1886 Ι,
1273 1843 1331 1890 35
1362 1828 1401 1874 ἃ
1421 1827 1596 1877 alzhz‘za
1615 1845 1700 1890 pro
1719 1827 1887 1875 seniore
1905 1829 1970 1874 vel
1984 1830 2151 1875 maiore
2163 1840 2290 1873 natu:

67 1898 177 1956 Cap.
196 1910 271 1955 15,
294 1907 371 1955 25.
407 1911 593 1942 attamen
623 1893 741 1940 nosse
760 1910 990 1956 potuerat,
1018 1911 1235 1942 commate
1263 1909 1295 1955 7
1325 1896 1478 1955 capitis
1508 1897 1645 1956 primi
1677 1895 1874 1957 exempla
1903 1897 2053 1942 omnia
2078 1890 2288 1957 praeferre

53 1958 333 2026 framaldra
355 1963 472 2026 dage
493 1959 694 2024 seemize
727 1959 867 2024 waessm
883 1999 893 2018 ,
919 1959 1117 2022 proveffl
1144 1978 1263 2008 aetate
1291 1977 1423 2012 eraut.
1445 1958 1565 2010 conf.
1583 1979 1621 2012 v.
1650 1970 1706 2017 18
1728 1962 1774 2023 ᾗ)
1820 1961 1988 2015 Galle„
2013 1960 2136 2021 quod
2163 1956 2287 2019 apud

67 2030 273 2075 Ponticos
293 2044 452 2074 aurum
474 2044 609 2077 notat,
631 2045 708 2074 nec
724 2028 847 2089 apud
873 2027 1115 2093 Ulpln'lam
1137 2031 1319 2075 inveniri
1340 2028 1490 2074 docet:
1525 2025 1683 2075 scilicet
1708 2030 1811 2088 quia
1831 2044 2093 2089 quaerentem
2119 2022 2289 2072 Glossa-

65 2096 129 2142 ria
152 2092 445 2142 destituebant.
492 2092 565 2139 Ast
582 2095 639 2145 de
658 2109 870 2141 concentu
889 2097 1069 2156 Linguae
1086 2093 1420 2157 Moesogothicae
1435 2094 1633 2156 locuples
1656 2094 1956 2142 testimonium
1987 2093 2066 2155 ipfi
2084 2094 2183 2139 dare
2202 2106 2286 2153 po·

66 2158 211 2207 ruisset
222 2159 551 2226 figgragulth.·',
580 2159 699 2219 quod
722 2160 766 2205 in
790 2159 969 2207 historia
986 2160 1065 2208 filii
1083 2160 1255 2208 acolasti
1275 2163 1451 2207 denotat
1469 2162 1698 2218 annulum,
1724 2161 1806 2216 vel,
1824 2160 1856 2208 fi
1876 2161 1931 2208 ad
1952 2160 2137 2207 verbum
2155 2160 2286 2204 inter·

65 2227 273 2287 preteris,
308 2243 467 2272 aurum
488 2227 639 2287 digiti3
665 2225 823 2272 lslandi
845 2225 1041 2273 {imiliter
1053 2227 1324 2294 fingnrgull
1342 2226 1514 2273 dicunt.
1585 2227 1792 2272 Tandem
1812 2243 1890 2272 nec
1901 2224 2100 2292 finghen,
2120 2238 2287 2279 canere,

63 2293 112 2338 in
138 2292 287 2338 codice
305 2290 532 2353 Argenteo
564 2293 746 2353 reperiri
777 2293 850 2340 ait.
922 2293 1005 2340 Sed
1029 2293 1260 2353 quomodo
1285 2292 1407 2352 legis,
1433 2292 1496 2339 mi
1516 2290 1751 2341 Kuittelt?
1786 2289 1816 2337 fi
1838 2307 2028 2351 quaerere
2047 2290 2171 2337 liceat
2193 2303 2287 2334 ver·

64 2357 133 2406 bis
157 2362 301 2416 Lucoe,
320 2376 416 2420 cap.
435 2373 509 2411 10,
526 2366 605 2408 26.
628 2375 725 2419 quae
745 2359 881 2405 codex
901 2358 1152 2421 Argenteus
1172 2357 1352 2424 qlzaiwa
1375 2361 1589 2426 uffiggm‘s
1606 2360 1750 2418 vertit,
1778 2359 1857 2418 qui
1878 2357 1995 2404 idem
2015 2351 2287 2416 Evangelista

41 2425 260 2492 stggwan
280 2424 413 2475 bokos
432 2425 572 2483 habet,
594 2441 673 2486 cap
697 2439 748 2486 4,
768 2433 843 2473 16.
912 2428 1083 2473 Scilicet
1113 2424 1274 2472 etiamfi
1303 2425 1435 2471 hodie
1462 2427 1508 2470 in
1530 2425 1738 2472 omnibus
1758 2421 1952 2471 dialeffls
1970 2423 2177 2471 Gothicis
2193 2420 2286 2485 fin·

57 2506 170 2558 gen,
181 2490 364 2558 sjunga
380 2492 466 2542 ἃς.
501 2492 554 2539 de
579 2493 697 2539 vocis
725 2491 1027 2539 modulatione
1054 2509 1210 2539 canora
1233 2490 1483 2552 usurpetur,
1503 2491 1614 2540 olim
1632 2506 1776 2538 tamen
1799 2490 1916 2537 idem
1938 2492 2069 2536 etiam
2089 2502 2204 2547 erat,
2232 2501 2283 2536 ae

20 2588 26 2590 >
63 2558 253 2617 recitare,
279 2557 437 2622 legere.
503 2562 569 2605 Ex
587 2557 738 2620 lingua
754 2558 1034 2608 Alemannica
1058 2557 1208 2607 testem
1227 2558 1368 2606 citabo
1390 2556 1648 2623 otfridum,
1667 2557 1747 2609 lib.
1767 2561 1802 2609 1.
1823 2574 1918 2621 cap.
1931 2559 2066 2616 XVII,
2080 2570 2103 2618 ς
2114 2569 2157 2618 5.

339 2657 470 2710 Thaz
500 2663 548 2708 ἰν
580 2676 664 2709 vns
699 2658 787 2709 oulz
818 2663 1016 2728 gizellet,

342 2727 467 2779 Uuio
495 2730 538 2775 is
570 2730 618 2775 in
650 2729 724 2776 iun
757 2727 878 2778 bualz
907 2730 1068 2795 finget.
1698 2744 1703 2747 “
2139 2725 2280 2791 Quod

115 2844 160 2897 ¹⁸¹)
187 2839 399 2883 Framaldra
416 2842 588 2880 neutrius
607 2841 756 2893 generis
775 2840 838 2890 est,
855 2842 1048 2883 idiotismo
1063 2846 1105 2885 L.
1129 2849 1151 2879 Ι.
1187 2843 1375 2891 Gothicae,
1397 2856 1492 2897 quae,
1511 2843 1577 2882 ubi
1595 2843 1814 2897 praecedunt
1831 2846 1990 2884 nomina
2010 2841 2143 2883 diver-fi
2163 2856 2278 2895 gene·

167 2897 437 3003 &effiginam
456 2893 503 2937 de
512 2895 682 2948 utrisque
699 2893 867 2948 usurpat.
892 2895 998 2942 conf.
1017 2897 1121 2940 versu
1135 2910 1241 2950 praec.
1253 2898 1436 2952 garaihta,
1446 2897 1680 2951 gaggandona
1699 2898 1735 2938 ὃ(
1753 2898 1919 2949 mawaha,
1938 2900 1975 2944 ἀ
1991 2895 2066 2949 Lye
2085 2895 2156 2939 Gr.
2168 2896 2278 2938 (ioth.
