2473 3380
723 113 1338 181 JOHANle.
1421 117 1657 168 21:217.
2203 136 2262 184 89

61 243 137 291 27.
174 228 339 277 Stibnai
375 227 557 275 met'nai.
627 229 674 275 Β.
696 230 853 277 meina.

64 312 137 358 32.
172 290 350 342 andhof
377 297 436 341 im
473 295 518 353 i)
546 290 689 342 iaisus.

64 377 86 421 3
99 376 138 422 5.
173 361 233 408 du
253 358 442 408 thaimei
468 358 520 421 k)
556 359 701 407 waurd
721 361 849 421 goths
870 360 1019 412 warth.

64 436 141 492 38.
177 423 478 490 ufkunnaith.
509 424 562 487 l)
592 429 652 475 St.
676 427 956 475 uskunnaith.

61 509 140 553 40.
173 494 335 545 tlzarei,
351 494 416 553 m)
488 496 549 540 St.
570 493 720 541 thatei.

62 561 120 613 ib.
152 562 326 624 jainar.
371 563 422 623 n)
489 563 548 608 St.
579 558 742 622 jainak.

489 629 595 686 Cap.
619 629 703 674 X1:

64 708 103 743 Ι.
124 691 322 759 swssrs.
352 695 398 755 ο)
434 696 492 741 St.
524 690 711 743 swisttrs.

60 770 105 809 2.
140 758 313 807 salboda
328 759 422 825 fan
444 762 503 827 p)
533 757 718 815 baisana.

64 831 108 878 6.
142 826 311 873 thanuh
354 824 464 875 than
493 823 544 890 q)
580 823 726 889 salida.

65 902 109 948 8.
146 894 344 952 quethun
376 894 435 940 du
464 895 600 939 imma
631 887 728 939 thal
755 887 809 953 r)
848 886 1057 950 siponjos.

68 970 142 1016 18.
179 957 587 1024 iairustzulymiam.
620 956 667 1017 s)

64 1040 141 1073 21.
176 1028 220 1070 ni
249 1027 355 1071 thau
382 1021 767 1089 gadauthnodedi.
797 1023 838 1082 t)

64 1104 143 1154 24.
175 1092 219 1136 in
251 1092 445 1137 thamma
471 1090 692 1157 spedtstan
719 1088 770 1152 v)
800 1090 923 1148 daga,

64 1171 140 1219 25.
174 1155 453 1224 thalchgaba.
477 1158 538 1217 x)
574 1157 696 1213 editi,
728 1154 978 1219 thauhjaba.

63 1239 141 1286 33.
177 1224 290 1270 mith
311 1226 394 1270 izai
422 1223 716 1289 gretandans.
729 1224 787 1283 y)

60 1306 142 1350 45.
180 1292 377 1351 managai
405 1291 521 1335 thize
543 1290 710 1351 judaie.
739 1287 790 1351 z)

60 1362 143 1416 46.
165 1354 374 1420 ficmaitlz
402 1352 512 1404 tlzan
545 1357 624 1403 ize.
642 1355 688 1415 '‘)

1202 242 1279 287 27.
1316 230 1482 276 Vocem
1508 245 1665 276 meam.

1126 342 1131 346 ,
1202 309 1282 357 32.
1319 294 1556 357 Respondit
1583 295 1671 342 illis
1696 293 1835 360 JesuS.

1202 377 1280 424 35.
1316 361 1384 408 Ad
1411 379 1525 422 quos
1554 362 1736 412 verbum
1756 365 1838 410 Dei
1868 360 2033 414 fafhm
2060 385 2158 416 erat.

1204 436 1285 489 38.
1319 427 1617 489 Cognoscatis.

1205 498 1289 553 40.
1318 494 1425 542 Ubi.

1202 558 1260 608 ib.
1294 560 1400 611 Illic.

1623 632 1732 691 Cap.
1763 631 1825 677 XI
1835 648 1855 681 :A

1207 705 1252 739 1.
1288 692 1477 738 Sororis.

1205 772 1252 806 2.
1287 759 1479 804 Unxerat
1504 761 1752 809 Dominum
1792 761 1995 816 balsamo.

1206 831 1249 871 6.
1286 826 1417 870 Tunc
1451 825 1629 884 quidem
1659 826 1830 877 manfit.

1206 899 1252 946 8.
1288 891 1503 936 Dixerunt
1530 893 1566 936 ei
1600 890 1818 953 discipuli.

1210 964 1285 1011 18.
1321 954 1695 1020 Hierosolymam.

1204 1037 1282 1071 21.
1318 1025 1429 1068 Non
1463 1040 1667 1070 mortuus
1706 1020 1867 1075 fuisset.

1204 1104 1283 1146 24.
1317 1091 1368 1135 In
1410 1088 1640 1137 noviffimo
1678 1091 1763 1140 die.

1205 1170 1283 1216 25.
1318 1155 1511 1204 Etiamsi.

1205 1236 1284 1283 33,
1319 1224 1434 1267 Cum
1462 1223 1534 1268 illa
1562 1222 1726 1271 flentes.

1206 1303 1288 1349 45.
1325 1288 1459 1334 Multi
1493 1289 1767 1352 Judaeorum,

1206 1359 1289 1415 46.
1327 1354 1517 1416 Qidam
1548 1370 1693 1401 autern
1730 1373 1902 1407 eorum.

2155 1431 2265 1491 Cap.

113 1535 150 1585 i.)
176 1532 279 1572 Editi
302 1511 392 1578 hin),
422 1529 528 1582 quod
553 1528 735 1580 usurpant
762 1526 1068 1579 Anglosaxones‚
1105 1539 1149 1567 ut
1165 1527 1239 1568 hoe
1267 1531 1365 1571 loeo.
1433 1534 1475 1572 Se
1508 1531 1647 1571 hollend
1674 1533 1974 1587 antffizarodelzim.
2023 1539 2192 1582 Salvator
2216 1558 2272 1585 re-

165 1585 315 1638 spondit
335 1586 387 1624 eis
452 1584 623 1624 Recurrit
642 1582 746 1621 idern
766 1581 862 1621 illud
883 1581 974 1629 him,
995 1581 1206 1634 eademque
1223 1584 1371 1633 medela
1387 1585 1537 1638 indiget
1556 1599 1634 1639 cap.
1661 1588 1719 1636 16,
1738 1600 1802 1639 31.

113 1636 156 1688 k)
182 1641 220 1692 J
247 1641 280 1677 25.-
301 1639 355 1678 St.
376 1638 469 1678 vitio
492 1649 713 1690 operarum,
750 1635 924 1675 thammei.

117 1708 157 1759 1)
179 1709 240 1748 Sic
257 1708 354 1747 bene
367 1737 376 1755 ‚
403 1707 559 1760 perinde
576 1717 704 1747 tamen
724 1703 775 1744 est
785 1719 796 1752 5
826 1717 916 1744 nam
937 1703 1125 1745 mkunnan
1145 1706 1277 1748 eadem
1303 1708 1446 1761 gaudet
1464 1700 1757 1762 significatione,
1790 1712 1831 1750 in
1852 1711 2024 1762 φάναιῆ,
2062 1717 2168 1769 quod
2188 1720 2271 1766 vide

169 1763 209 1800 in
233 1759 354 1800 Gloff.
382 1761 482 1810 Jun.
507 1775 545 1813 p.
581 1771 670 1808 374.

119 1815 172 1866 m)
200 1815 308 1854 Re&e
329 1816 363 1867 J.
387 1815 421 1852 ὃ(
448 1815 489 1853 Β.
511 1814 619 1852 thani
637 1811 792 1851 denotat
809 1808 910 1862 quod.

118 1888 162 1936 n)
192 1885 298 1925 Idem
317 1882 369 1923 est
382 1897 428 1934 *ac
434 1881 595 1935 jaindre.
649 1895 686 1925 v.
706 1880 814 1934 supra
841 1882 936 1923 Luc.
957 1892 1020 1928 17,
1041 1892 1102 1934 37.

114 1962 152 2011 a)
178 1959 251 2006 Ita,
279 1954 403 1997 a‘casu
419 1952 690 2008 1·ee}ofivistar‚
719 1966 840 2005 germ.
858 1952 1056 2004 Schwefler,
1084 1954 1215 1996 Sueth.
1224 1954 1359 2009 fister,
1389 1955 1501 1999 soror,

109 2031 156 2083 p)
183 2026 430 2078 Editifiznin3
456 2024 519 2066 [ed
535 2023 774 2064 antecedenti
791 2024 905 2065 verbo
923 2025 1100 2077 iungitur
1115 2025 1218 2067 casus
1236 2038 1410 2080 quartus,
1440 2030 1479 2069 id
1498 2030 1603 2083 quod
1621 2044 1642 2071 a
1666 2030 1784 2083 Junio
1812 2029 2050 2074 observatum
2067 2037 2211 2080 videbis
2232 2040 2270 2079 in

170 2079 325 2125 Gloss‘ar.
343 2077 411 2118 sub
429 2091 465 2119 v.
481 2077 615 2129 fitlbou.

118 2135 161 2186 q)
187 2133 240 2172 St.
263 2132 386 2177 tham,
416 2127 507 2170 τοδε.
527 2131 614 2168 than
631 2140 761 2168 autem
779 2129 832 2169 est
852 2129 1112 2179 Advcrbium‚
1142 2130 1329 2183 fignificat
1349 2145 1538 2186 quantum
1554 2137 1695 2189 potest,
1721 2131 1803 2188 ἴτε,
1829 2132 1932 2186 τιν’τε,
1964 2134 2002 2187 ἔ,
2030 2132 2105 2191 fun,
2140 2145 2215 2187 ἃς.

119 2189 161 2235 r)
187 2186 250 2225 Sic
274 2182 394 2223 codex
410 2177 517 2221 Mser.
534 2183 570 2234 J.
591 2182 626 2219 8<
644 2183 686 2220 Β.
705 2183 907 2222 articulum
936 2196 1024 2222 vero
1053 2185 1198 2223 omittit
1223 2187 1277 2225 St.
1294 2199 1502 2238 perperam.

119 2240 154 2287 5)
181 2240 216 2292 J
234 2238 269 2277 ὃ(
286 2238 337 2276 St.
360 2236 452 2274 vitio
471 2235 731 2282 librariorum,
758 2233 1045 2287 zairufhulmiam.

119 2295 150 2343 t)
175 2295 226 2331 St.
242 2286 541 2349 gadagftlzvtocfedei
551 2316 561 2335 ‚
587 2288 817 2348 reclamante
834 2288 1120 2334 terminatione,
1153 2301 1227 2353 qua
1244 2290 1315 2351 erit
1337 2303 1353 2338 3
1373 2290 1465 2344 pei-ss
1481 2303 1582 2346 praet.
1601 2293 1730 2347 pasfiv.
1750 2293 1948 2338 Subiunet.
1967 2307 2013 2341 ut
2025 2311 2034 2338 ε
2048 2297 2265 2353 fistuodedi,

160 2342 379 2397 fizlbnodedz,
405 2338 590 2379 dazlnodedz
610 2342 679 2380 &o
702 2353 724 2380 a
741 2339 946 2388 dauthnan,
972 2340 1103 2379 Sueth.
1125 2339 1186 2387 do,
1215 2355 1330 2385 mori.

113 2400 153 2447 v)
180 2399 240 2437 Sic
257 2396 398 2447 legitur
414 2394 455 2433 in
474 2393 617 2434 Codice
637 2397 833 2446 Argenteo
850 2395 884 2434 ἃ
905 2393 1038 2439 editis;
1068 2392 1130 2433 sed
1144 2396 1367 2447 regulariter
1383 2397 1674 2450 fot-etspedistin,
1703 2414 1727 2440 v
1757 2400 1846 2454 Joh.
1868 2402 1904 2450 6,
1925 2407 2068 2454 40j44.

120 2453 169 2501 x)
194 2452 247 2489 fta
264 2448 442 2502 quidem3
471 2461 600 2488 annon
618 2461 706 2487 vero
725 2460 747 2486 a
762 2447 870 2495 thau,
898 2449 990 2486 Luc.
1011 2460 1074 2494 20,
1093 2459 1126 2494 4-
1144 2448 1179 2487 3<
1185 2446 1309 2500 jabai,
1336 2449 1391 2489 fi?
1418 2464 1510 2491 nam
1525 2465 1553 2505 g
1571 2455 1603 2491 ὅ(
1620 2452 1646 2503 j
1660 2453 1861 2502 alternant,
1889 2467 1952 2495 ut:
1968 2458 2041 2509 jau
2055 2457 2266 2510 Joh.7,48,

178 2505 213 2542 &
226 2516 299 2555 gau
323 2501 438 2540 Marc.
461 2507 496 2547 8,
523 2512 586 2547 23.
607 2501 675 2539 &e
706 2501 889 2540 Ceterum
908 2499 1076 2540 observes
1097 2501 1152 2541 St.
1174 2501 1311 2541 eodem
1329 2502 1403 2543 hoc
1421 2504 1527 2544 versu
1543 2505 1679 2545 habere
1695 2506 1767 2558 jak
1789 2522 1855 2560 pro
1861 2509 1942 2560 jah.

112 2571 161 2608 y)
184 2555 287 2597 Editi
307 2552 552 2606 greitandans‚
579 2553 687 2605 quod
701 2566 780 2593 non
800 2554 1043 2607 repudiamus
1052 2567 1064 2600 3
1091 2555 1236 2594 etenim
1251 2557 1366 2608 paulo
1385 2569 1493 2598 antea
1507 2559 1673 2612 legimus
1683 2560 1896 2614 greitandei,
1925 2576 1945 2602 a
1957 2574 2090 2616 gretan
2106 2564 2165 2604 vel
2175 2568 2269 2619 grei-

178 2622 261 2656 tan,
286 2604 419 2647 Sueth.
433 2604 563 2659 grcita,
588 2606 686 2646 flere.
713 2620 751 2647 v.
777 2606 874 2656 Jun.
903 2608 944 2646 in
971 2606 1108 2647 indice.

125 2664 166 2714 z)
194 2658 399 2705 St.1·udaie‚
428 2657 584 2719 utinfra
599 2673 630 2698 c.
653 2669 715 2705 12,
737 2670 796 2700 11.
823 2658 969 2708 iudaiei,
995 2673 1065 2713 pro
1082 2658 1244 2701 iudaieis:
1270 2675 1403 2714 porro,
1430 2664 1565 2704 eodem
1590 2665 1710 2718 capite
1736 2680 1772 2705 ν.
1791 2677 1828 2715 4.
1853 2666 1952 2706 iudas
1965 2681 2032 2720 pro
2037 2667 2174 2720 judas,
2201 2670 2270 2711 est.

177 2729 212 2757 c.
227 2725 286 2761 13,
300 2711 361 2751 26.
383 2722 514 2751 omma
530 2717 664 2773 tamen·
674 2711 772 2751 bene
788 2710 825 2752 se
841 2711 984 2774 habent
999 2726 1045 2752 ex
1064 2713 1230 2753 molliori
1248 2719 1557 2768 pronuntiatione
1581 2718 1759 2758 elementi
1768 2719 1805 2771 j.
1829 2733 1861 2759 v.
1881 2720 1980 2759 Edit.
2002 2721 2110 2762 Benz.
2130 2738 2169 2776 p.
2184 2735 2270 2774 339.

122 2771 163 2822 ¹*)
188 2770 249 2809 Sic
268 2765 401 2806 Codex
423 2775 459 2804 et
475 2766 518 2804 B.
541 2764 773 2804 usitatiorem
795 2779 884 2805 vero
900 2765 1101 2806 lefihonem
1119 2765 1301 2808 exhibent
1324 2772 1358 2822 J.
1379 2781 1416 2810 et
1432 2773 1486 2811 St.
1502 2770 1647 2823 filmaih
1667 2771 1752 2809 than
1761 2786 1776 2818 ,-
1800 2784 2005 2813 occurrunt
2029 2777 2133 2815 enim
2160 2787 2197 2815 et
2208 2776 2271 2829 fi‘·

175 2824 247 2861 mai
270 2833 351 2872 cap.
370 2816 538 2870 sequent.
557 2832 591 2858 v.
611 2831 670 2856 20.
690 2827 727 2857 et
738 2816 899 2870 fiamaih,
925 2818 1142 2873 (itepisfime.
1164 2819 1229 2861 cfr.
1251 2823 1288 2876 J.
1311 2833 1350 2864 et
1365 2824 1418 2865 St.
1445 2826 1486 2865 in
1513 2822 1668 2865 Gloffar.
1690 2834 1726 2864 et
1751 2837 1842 2867 voce
1857 2825 1969 2879 ficms.
1991 2827 2093 2868 conf.
2112 2831 2269 2881 Fmgm.

177 2872 295 2934 Ulgli.
312 2871 361 2912 ad
379 2873 491 2913 Rom.
509 2882 571 2921 12,
591 2883 632 2919 4.
652 2871 694 2911 in
709 2875 790 2912 not.

1205 2931 1261 2975 M
