<?xml version="1.0" encoding="UTF-8"?>
<!DOCTYPE html PUBLIC "-//W3C//DTD XHTML 1.0 Transitional//EN"
    "http://www.w3.org/TR/xhtml1/DTD/xhtml1-transitional.dtd">
<html xmlns="http://www.w3.org/1999/xhtml" xml:lang="en" lang="en">
 <head>
  <title>
</title>
<meta http-equiv="Content-Type" content="text/html;charset=utf-8" />
  <meta name='ocr-system' content='tesseract 3.04.00' />
  <meta name='ocr-capabilities' content='ocr_page ocr_carea ocr_par ocr_line ocrx_word'/>
</head>
<body>
  <div class='ocr_page' id='page_1' title='image "./johannisabihresc00ihre_0158.png"; bbox 0 0 2473 3380; ppageno 0'>
   <div class='ocr_carea' id='block_1_1' title="bbox 165 139 2235 233">
    <p class='ocr_par' dir='ltr' id='par_1_1' title="bbox 165 139 2235 233">
     <span class='ocr_line' id='line_1_1' title="bbox 165 139 2235 233; baseline -0.007 -27"><span class='ocrx_word' id='word_1_1' title='bbox 165 164 262 233; x_wconf 70' lang='lat'>148</span> <span class='ocrx_word' id='word_1_2' title='bbox 336 148 657 206; x_wconf 78' lang='lat' dir='ltr'><strong><em>DISSERT.</em></strong></span> <span class='ocrx_word' id='word_1_3' title='bbox 691 149 795 203; x_wconf 89' lang='lat' dir='ltr'>DE</span> <span class='ocrx_word' id='word_1_4' title='bbox 828 142 1247 215; x_wconf 85' lang='lat' dir='ltr'><em>ORIGINIBUS</em></span> <span class='ocrx_word' id='word_1_5' title='bbox 1283 143 1338 196; x_wconf 87' lang='lat' dir='ltr'>L.</span> <span class='ocrx_word' id='word_1_6' title='bbox 1371 139 1659 210; x_wconf 85' lang='lat' dir='ltr'><em>LATINAE</em></span> <span class='ocrx_word' id='word_1_7' title='bbox 1702 141 1808 194; x_wconf 84' lang='lat' dir='ltr'>ET</span> <span class='ocrx_word' id='word_1_8' title='bbox 1834 139 2122 200; x_wconf 82' lang='lat' dir='ltr'><em>GRAECAE‚</em></span> <span class='ocrx_word' id='word_1_9' title='bbox 2143 140 2235 193; x_wconf 59' lang='lat' dir='ltr'>&amp;a</span> 
     </span>
    </p>
   </div>
   <div class='ocr_carea' id='block_1_2' title="bbox 163 250 2402 1584">
    <p class='ocr_par' dir='ltr' id='par_1_2' title="bbox 163 250 2402 1584">
     <span class='ocr_line' id='line_1_2' title="bbox 163 250 2378 330; baseline -0.008 -15"><span class='ocrx_word' id='word_1_10' title='bbox 163 267 418 330; x_wconf 76' lang='lat' dir='ltr'>tragoediam</span> <span class='ocrx_word' id='word_1_11' title='bbox 444 264 648 312; x_wconf 81' lang='lat' dir='ltr'>denotare</span> <span class='ocrx_word' id='word_1_12' title='bbox 667 262 780 310; x_wconf 86' lang='lat' dir='ltr'>dicat</span> <span class='ocrx_word' id='word_1_13' title='bbox 798 276 973 309; x_wconf 88' lang='lat' dir='ltr'>cantum</span> <span class='ocrx_word' id='word_1_14' title='bbox 993 259 1216 304; x_wconf 88' lang='lat' dir='ltr'>hircinum</span> <span class='ocrx_word' id='word_1_15' title='bbox 1229 287 1243 312; x_wconf 86' lang='lat'>‚</span> <span class='ocrx_word' id='word_1_16' title='bbox 1277 255 1321 301; x_wconf 68' lang='grc' dir='ltr'>ὃ(</span> <span class='ocrx_word' id='word_1_17' title='bbox 1344 254 1608 301; x_wconf 87' lang='lat' dir='ltr'>comcediam</span> <span class='ocrx_word' id='word_1_18' title='bbox 1639 270 1812 302; x_wconf 84' lang='lat' dir='ltr'>cantum</span> <span class='ocrx_word' id='word_1_19' title='bbox 1830 255 1939 312; x_wconf 90' lang='lat' dir='ltr'>vici,</span> <span class='ocrx_word' id='word_1_20' title='bbox 1973 271 2021 300; x_wconf 84' lang='lat' dir='ltr'>ac</span> <span class='ocrx_word' id='word_1_21' title='bbox 2041 251 2070 298; x_wconf 90' lang='lat' dir='ltr'>fi</span> <span class='ocrx_word' id='word_1_22' title='bbox 2092 268 2235 314; x_wconf 66' lang='lat' dir='ltr'>gerrae</span> <span class='ocrx_word' id='word_1_23' title='bbox 2253 250 2378 298; x_wconf 57' lang='lat' dir='ltr'>Sicu:</span> 
     </span>
     <span class='ocr_line' id='line_1_3' title="bbox 164 316 2379 384; baseline -0.009 -3"><span class='ocrx_word' id='word_1_24' title='bbox 164 336 223 381; x_wconf 87' lang='lat' dir='ltr'>las</span> <span class='ocrx_word' id='word_1_25' title='bbox 241 334 310 379; x_wconf 86' lang='lat' dir='ltr'>his</span> <span class='ocrx_word' id='word_1_26' title='bbox 330 331 511 379; x_wconf 87' lang='lat' dir='ltr'>vocibus</span> <span class='ocrx_word' id='word_1_27' title='bbox 530 331 726 377; x_wconf 86' lang='lat' dir='ltr'>denotari</span> <span class='ocrx_word' id='word_1_28' title='bbox 751 329 937 382; x_wconf 89' lang='lat' dir='ltr'>doceret,</span> <span class='ocrx_word' id='word_1_29' title='bbox 970 322 1115 384; x_wconf 89' lang='lat' dir='ltr'>ipsum</span> <span class='ocrx_word' id='word_1_30' title='bbox 1135 324 1279 380; x_wconf 87' lang='lat' dir='ltr'>itaque</span> <span class='ocrx_word' id='word_1_31' title='bbox 1299 318 1562 367; x_wconf 84' lang='lat' dir='ltr'>subscribere</span> <span class='ocrx_word' id='word_1_32' title='bbox 1582 322 1826 369; x_wconf 82' lang='lat' dir='ltr'>Malcolmo</span> <span class='ocrx_word' id='word_1_33' title='bbox 1840 353 1852 375; x_wconf 83' lang='lat'>‚</span> <span class='ocrx_word' id='word_1_34' title='bbox 1881 320 2137 383; x_wconf 83' lang='lat' dir='ltr'>Presbytero</span> <span class='ocrx_word' id='word_1_35' title='bbox 2158 316 2379 364; x_wconf 51' lang='lat' dir='ltr'>Edinbur„</span> 
     </span>
     <span class='ocr_line' id='line_1_4' title="bbox 166 384 2380 463; baseline -0.009 -16"><span class='ocrx_word' id='word_1_36' title='bbox 166 398 297 463; x_wconf 80' lang='lat' dir='ltr'>gensi,</span> <span class='ocrx_word' id='word_1_37' title='bbox 332 399 410 458; x_wconf 87' lang='lat' dir='ltr'>qui</span> <span class='ocrx_word' id='word_1_38' title='bbox 430 395 706 450; x_wconf 82' lang='lat' dir='ltr'>demonstret,</span> <span class='ocrx_word' id='word_1_39' title='bbox 739 391 1020 452; x_wconf 86' lang='lat' dir='ltr'>Tragoediam</span> <span class='ocrx_word' id='word_1_40' title='bbox 1042 390 1086 434; x_wconf 90' lang='lat' dir='ltr'>in</span> <span class='ocrx_word' id='word_1_41' title='bbox 1107 391 1160 437; x_wconf 64' lang='lat' dir='ltr'>L0</span> <span class='ocrx_word' id='word_1_42' title='bbox 1180 387 1341 451; x_wconf 84' lang='lat' dir='ltr'>Celtica</span> <span class='ocrx_word' id='word_1_43' title='bbox 1361 385 1567 432; x_wconf 82' lang='lat' dir='ltr'>denotare</span> <span class='ocrx_word' id='word_1_44' title='bbox 1587 401 1761 432; x_wconf 89' lang='lat' dir='ltr'>cantum</span> <span class='ocrx_word' id='word_1_45' title='bbox 1780 386 2026 448; x_wconf 84' lang='lat' dir='ltr'>lugubrem,</span> <span class='ocrx_word' id='word_1_46' title='bbox 2054 385 2095 432; x_wconf 72' lang='grc' dir='ltr'>ἃ</span> <span class='ocrx_word' id='word_1_47' title='bbox 2115 384 2380 431; x_wconf 77' lang='lat' dir='ltr'>comoediam</span> 
     </span>
     <span class='ocr_line' id='line_1_5' title="bbox 167 449 2384 522; baseline -0.009 -8"><span class='ocrx_word' id='word_1_48' title='bbox 167 469 213 515; x_wconf 77' lang='lat' dir='ltr'>vi</span> <span class='ocrx_word' id='word_1_49' title='bbox 232 462 505 522; x_wconf 81' lang='lat' dir='ltr'>antitheseos,</span> <span class='ocrx_word' id='word_1_50' title='bbox 525 476 697 508; x_wconf 88' lang='lat' dir='ltr'>cantum</span> <span class='ocrx_word' id='word_1_51' title='bbox 719 456 1135 517; x_wconf 17' lang='lat' dir='ltr'>laetum,tgenialem.</span> <span class='ocrx_word' id='word_1_52' title='bbox 1204 456 1316 500; x_wconf 87' lang='lat' dir='ltr'>Non</span> <span class='ocrx_word' id='word_1_53' title='bbox 1342 452 1539 510; x_wconf 81' lang='lat' dir='ltr'>additur,</span> <span class='ocrx_word' id='word_1_54' title='bbox 1569 468 1657 510; x_wconf 88' lang='lat' dir='ltr'>qua</span> <span class='ocrx_word' id='word_1_55' title='bbox 1677 453 1746 497; x_wconf 83' lang='lat' dir='ltr'>via</span> <span class='ocrx_word' id='word_1_56' title='bbox 1773 453 1967 498; x_wconf 88' lang='lat' dir='ltr'>laudatus</span> <span class='ocrx_word' id='word_1_57' title='bbox 1988 449 2141 498; x_wconf 66' lang='lat' dir='ltr'>austor</span> <span class='ocrx_word' id='word_1_58' title='bbox 2159 451 2291 498; x_wconf 87' lang='lat' dir='ltr'>hosce</span> <span class='ocrx_word' id='word_1_59' title='bbox 2310 465 2384 495; x_wconf 78' lang='lat' dir='ltr'>na-</span> 
     </span>
     <span class='ocr_line' id='line_1_6' title="bbox 170 515 2385 584; baseline -0.009 -5"><span class='ocrx_word' id='word_1_60' title='bbox 170 532 274 580; x_wconf 84' lang='lat' dir='ltr'>tales</span> <span class='ocrx_word' id='word_1_61' title='bbox 293 532 478 584; x_wconf 86' lang='lat' dir='ltr'>eruerir‚</span> <span class='ocrx_word' id='word_1_62' title='bbox 512 542 586 573; x_wconf 85' lang='lat' dir='ltr'>aut</span> <span class='ocrx_word' id='word_1_63' title='bbox 604 525 786 571; x_wconf 80' lang='lat' dir='ltr'>ubinam</span> <span class='ocrx_word' id='word_1_64' title='bbox 806 523 978 569; x_wconf 81' lang='lat' dir='ltr'>Celticae</span> <span class='ocrx_word' id='word_1_65' title='bbox 995 521 1062 567; x_wconf 81' lang='lat' dir='ltr'>hae</span> <span class='ocrx_word' id='word_1_66' title='bbox 1084 536 1211 568; x_wconf 91' lang='lat' dir='ltr'>voces</span> <span class='ocrx_word' id='word_1_67' title='bbox 1239 518 1511 580; x_wconf 76' lang='lat' dir='ltr'>reperiundae</span> <span class='ocrx_word' id='word_1_68' title='bbox 1528 515 1619 569; x_wconf 79' lang='lat' dir='ltr'>fint.</span> <span class='ocrx_word' id='word_1_69' title='bbox 1688 517 1808 563; x_wconf 89' lang='lat' dir='ltr'>Mihi</span> <span class='ocrx_word' id='word_1_70' title='bbox 1829 519 2002 564; x_wconf 84' lang='lat' dir='ltr'>interim</span> <span class='ocrx_word' id='word_1_71' title='bbox 2024 518 2195 563; x_wconf 89' lang='lat' dir='ltr'>videtur</span> <span class='ocrx_word' id='word_1_72' title='bbox 2209 553 2219 572; x_wconf 91' lang='lat'>,</span> <span class='ocrx_word' id='word_1_73' title='bbox 2252 516 2295 560; x_wconf 92' lang='lat' dir='ltr'>in</span> <span class='ocrx_word' id='word_1_74' title='bbox 2316 530 2385 560; x_wconf 87' lang='lat' dir='ltr'>ve·</span> 
     </span>
     <span class='ocr_line' id='line_1_7' title="bbox 170 581 2390 656; baseline -0.009 -11"><span class='ocrx_word' id='word_1_75' title='bbox 170 600 252 646; x_wconf 87' lang='lat' dir='ltr'>teri</span> <span class='ocrx_word' id='word_1_76' title='bbox 272 598 415 656; x_wconf 82' lang='lat' dir='ltr'>lingva</span> <span class='ocrx_word' id='word_1_77' title='bbox 435 593 639 648; x_wconf 86' lang='lat' dir='ltr'>Gothica‚</span> <span class='ocrx_word' id='word_1_78' title='bbox 660 590 705 636; x_wconf 91' lang='lat' dir='ltr'>id</span> <span class='ocrx_word' id='word_1_79' title='bbox 723 589 844 649; x_wconf 92' lang='lat' dir='ltr'>quod</span> <span class='ocrx_word' id='word_1_80' title='bbox 864 586 1141 649; x_wconf 72' lang='lat' dir='ltr'>desideratur,</span> <span class='ocrx_word' id='word_1_81' title='bbox 1154 586 1392 633; x_wconf 88' lang='lat' dir='ltr'>luculenter</span> <span class='ocrx_word' id='word_1_82' title='bbox 1412 584 1613 641; x_wconf 85' lang='lat' dir='ltr'>inveniri,</span> <span class='ocrx_word' id='word_1_83' title='bbox 1634 597 1790 644; x_wconf 83' lang='lat' dir='ltr'>utpote</span> <span class='ocrx_word' id='word_1_84' title='bbox 1807 585 1852 629; x_wconf 89' lang='lat' dir='ltr'>in</span> <span class='ocrx_word' id='word_1_85' title='bbox 1872 601 1956 644; x_wconf 86' lang='lat' dir='ltr'>qua</span> <span class='ocrx_word' id='word_1_86' title='bbox 1975 596 2123 650; x_wconf 78' lang='lat' dir='ltr'>troega</span> <span class='ocrx_word' id='word_1_87' title='bbox 2144 581 2202 635; x_wconf 80' lang='lat' dir='ltr'>est</span> <span class='ocrx_word' id='word_1_88' title='bbox 2223 582 2390 642; x_wconf 85' lang='lat' dir='ltr'>lugere,</span> 
     </span>
     <span class='ocr_line' id='line_1_8' title="bbox 169 644 2389 727; baseline -0.007 -17"><span class='ocrx_word' id='word_1_89' title='bbox 169 665 391 727; x_wconf 77' lang='lat' dir='ltr'>plangere.</span> <span class='ocrx_word' id='word_1_90' title='bbox 463 657 642 705; x_wconf 83' lang='lat' dir='ltr'>Occurit</span> <span class='ocrx_word' id='word_1_91' title='bbox 671 674 755 703; x_wconf 83' lang='lat' dir='ltr'>vox</span> <span class='ocrx_word' id='word_1_92' title='bbox 784 655 854 701; x_wconf 90' lang='lat' dir='ltr'>illa</span> <span class='ocrx_word' id='word_1_93' title='bbox 886 672 977 701; x_wconf 87' lang='lat' dir='ltr'>non</span> <span class='ocrx_word' id='word_1_94' title='bbox 1005 671 1106 700; x_wconf 86' lang='lat' dir='ltr'>raro</span> <span class='ocrx_word' id='word_1_95' title='bbox 1136 654 1182 698; x_wconf 91' lang='lat' dir='ltr'>in</span> <span class='ocrx_word' id='word_1_96' title='bbox 1214 652 1336 716; x_wconf 60' lang='lat' dir='ltr'><em>Hg&#39;fl0</em></span> <span class='ocrx_word' id='word_1_97' title='bbox 1374 651 1514 701; x_wconf 83' lang='lat' dir='ltr'>Olavi</span> <span class='ocrx_word' id='word_1_98' title='bbox 1545 650 1596 700; x_wconf 83' lang='lat' dir='ltr'>S.</span> <span class='ocrx_word' id='word_1_99' title='bbox 1625 649 1892 717; x_wconf 73' lang='lat' dir='ltr'>Rhytmicaz</span> <span class='ocrx_word' id='word_1_100' title='bbox 1926 651 2025 697; x_wconf 85' lang='lat' dir='ltr'>vide</span> <span class='ocrx_word' id='word_1_101' title='bbox 2050 666 2098 712; x_wconf 77' lang='lat' dir='ltr'>p.</span> <span class='ocrx_word' id='word_1_102' title='bbox 2121 662 2197 711; x_wconf 85' lang='lat'>30.</span> <span class='ocrx_word' id='word_1_103' title='bbox 2273 644 2389 696; x_wconf 77' lang='lat' dir='ltr'>Thet</span> 
     </span>
     <span class='ocr_line' id='line_1_9' title="bbox 173 713 2390 793; baseline -0.008 -15"><span class='ocrx_word' id='word_1_104' title='bbox 173 722 423 793; x_wconf 67' lang='lat' dir='ltr'>traegerol}</span> <span class='ocrx_word' id='word_1_105' title='bbox 441 727 500 773; x_wconf 83' lang='grc' dir='ltr'>ἄη</span> <span class='ocrx_word' id='word_1_106' title='bbox 519 728 535 772; x_wconf 81' lang='lat' dir='ltr'><strong><em>i</em></strong></span> <span class='ocrx_word' id='word_1_107' title='bbox 554 723 663 789; x_wconf 78' lang='lat' dir='ltr'>dag,</span> <span class='ocrx_word' id='word_1_108' title='bbox 702 723 745 768; x_wconf 91' lang='lat' dir='ltr'>id</span> <span class='ocrx_word' id='word_1_109' title='bbox 765 722 988 781; x_wconf 88' lang='lat' dir='ltr'>hodieque</span> <span class='ocrx_word' id='word_1_110' title='bbox 1008 737 1088 766; x_wconf 88' lang='lat' dir='ltr'>nos</span> <span class='ocrx_word' id='word_1_111' title='bbox 1109 721 1245 781; x_wconf 75' lang='lat' dir='ltr'>angit.</span> <span class='ocrx_word' id='word_1_112' title='bbox 1282 716 1512 765; x_wconf 83' lang='lat' dir='ltr'>Habemus</span> <span class='ocrx_word' id='word_1_113' title='bbox 1534 717 1633 763; x_wconf 86' lang='lat' dir='ltr'>inde</span> <span class='ocrx_word' id='word_1_114' title='bbox 1653 731 1819 763; x_wconf 86' lang='lat' dir='ltr'>nomen</span> <span class='ocrx_word' id='word_1_115' title='bbox 1840 727 2008 782; x_wconf 62' lang='lat' dir='ltr'>twega,</span> <span class='ocrx_word' id='word_1_116' title='bbox 2044 715 2166 776; x_wconf 91' lang='lat' dir='ltr'>quod</span> <span class='ocrx_word' id='word_1_117' title='bbox 2185 713 2390 760; x_wconf 86' lang='lat' dir='ltr'>dolorem</span> 
     </span>
     <span class='ocr_line' id='line_1_10' title="bbox 172 775 2391 852; baseline -0.008 -8"><span class='ocrx_word' id='word_1_118' title='bbox 172 808 307 845; x_wconf 75' lang='lat' dir='ltr'>notat.</span> <span class='ocrx_word' id='word_1_119' title='bbox 330 793 541 841; x_wconf 81' lang='lat' dir='ltr'>Suderm.</span> <span class='ocrx_word' id='word_1_120' title='bbox 564 794 618 841; x_wconf 83' lang='lat' dir='ltr'>L.</span> <span class='ocrx_word' id='word_1_121' title='bbox 633 786 775 852; x_wconf 84' lang='lat' dir='ltr'>Arfd.</span> <span class='ocrx_word' id='word_1_122' title='bbox 796 792 839 834; x_wconf 87' lang='lat' dir='ltr'>B.</span> <span class='ocrx_word' id='word_1_123' title='bbox 862 804 894 835; x_wconf 89' lang='lat' dir='ltr'>c.</span> <span class='ocrx_word' id='word_1_124' title='bbox 912 802 957 835; x_wconf 81' lang='lat'>2.</span> <span class='ocrx_word' id='word_1_125' title='bbox 1000 788 1109 836; x_wconf 87' lang='lat' dir='ltr'>Kan</span> <span class='ocrx_word' id='word_1_126' title='bbox 1134 783 1302 842; x_wconf 78' lang='lat' dir='ltr'>fadlzer</span> <span class='ocrx_word' id='word_1_127' title='bbox 1325 784 1436 833; x_wconf 82' lang='lat' dir='ltr'>eller</span> <span class='ocrx_word' id='word_1_128' title='bbox 1455 779 1639 832; x_wconf 80' lang='lat' dir='ltr'>modlzer</span> <span class='ocrx_word' id='word_1_129' title='bbox 1666 781 1784 831; x_wconf 85' lang='lat' dir='ltr'>barn</span> <span class='ocrx_word' id='word_1_130' title='bbox 1785 782 1873 847; x_wconf 83' lang='lat' dir='ltr'>fitt</span> <span class='ocrx_word' id='word_1_131' title='bbox 1891 782 1994 831; x_wconf 86' lang='lat' dir='ltr'>med</span> <span class='ocrx_word' id='word_1_132' title='bbox 2007 795 2114 830; x_wconf 84' lang='lat' dir='ltr'>taar</span> <span class='ocrx_word' id='word_1_133' title='bbox 2131 778 2184 829; x_wconf 88' lang='lat' dir='ltr'>ok</span> <span class='ocrx_word' id='word_1_134' title='bbox 2206 775 2391 845; x_wconf 79' lang='lat' dir='ltr'>troeglza</span> 
     </span>
     <span class='ocr_line' id='line_1_11' title="bbox 176 843 2394 920; baseline -0.008 -8"><span class='ocrx_word' id='word_1_135' title='bbox 176 864 322 918; x_wconf 67' lang='lat' dir='ltr'>Ervae,</span> <span class='ocrx_word' id='word_1_136' title='bbox 348 857 378 904; x_wconf 81' lang='lat' dir='ltr'>fi</span> <span class='ocrx_word' id='word_1_137' title='bbox 396 863 520 920; x_wconf 84' lang='lat' dir='ltr'>pater</span> <span class='ocrx_word' id='word_1_138' title='bbox 543 872 618 903; x_wconf 84' lang='lat' dir='ltr'>aut</span> <span class='ocrx_word' id='word_1_139' title='bbox 636 871 772 903; x_wconf 89' lang='lat' dir='ltr'>mater</span> <span class='ocrx_word' id='word_1_140' title='bbox 792 851 968 902; x_wconf 83' lang='lat' dir='ltr'>infantis</span> <span class='ocrx_word' id='word_1_141' title='bbox 988 856 1155 900; x_wconf 89' lang='lat' dir='ltr'>mortui</span> <span class='ocrx_word' id='word_1_142' title='bbox 1174 852 1290 899; x_wconf 87' lang='lat' dir='ltr'>bona</span> <span class='ocrx_word' id='word_1_143' title='bbox 1308 867 1410 898; x_wconf 91' lang='lat' dir='ltr'>cum</span> <span class='ocrx_word' id='word_1_144' title='bbox 1427 850 1616 897; x_wconf 88' lang='lat' dir='ltr'>lacrimis</span> <span class='ocrx_word' id='word_1_145' title='bbox 1635 846 1868 909; x_wconf 63' lang='lat' dir='ltr'>&amp;planPtu</span> <span class='ocrx_word' id='word_1_146' title='bbox 1889 848 2055 899; x_wconf 85' lang='lat' dir='ltr'>adierit.</span> <span class='ocrx_word' id='word_1_147' title='bbox 2091 847 2295 911; x_wconf 75' lang='lat' dir='ltr'>Historia</span> <span class='ocrx_word' id='word_1_148' title='bbox 2316 843 2394 895; x_wconf 79' lang='lat' dir='ltr'>Ol·</span> 
     </span>
     <span class='ocr_line' id='line_1_12' title="bbox 185 913 2396 992; baseline -0.009 -16"><span class='ocrx_word' id='word_1_149' title='bbox 185 927 282 990; x_wconf 73' lang='lat' dir='ltr'>Try</span> <span class='ocrx_word' id='word_1_150' title='bbox 314 941 394 992; x_wconf 75' lang='lat' dir='ltr'>gv.</span> <span class='ocrx_word' id='word_1_151' title='bbox 405 926 522 973; x_wconf 82' lang='lat' dir='ltr'>Edit.</span> <span class='ocrx_word' id='word_1_152' title='bbox 533 922 678 973; x_wconf 71' lang='lat' dir='ltr'>skalh.</span> <span class='ocrx_word' id='word_1_153' title='bbox 699 925 746 970; x_wconf 84' lang='grc' dir='ltr'>Ρ.</span> <span class='ocrx_word' id='word_1_154' title='bbox 764 937 804 969; x_wconf 86' lang='lat'>2.</span> <span class='ocrx_word' id='word_1_155' title='bbox 824 938 872 982; x_wconf 93' lang='grc' dir='ltr'>Ρ</span> <span class='ocrx_word' id='word_1_156' title='bbox 891 934 1001 981; x_wconf 78' lang='lat'><strong>304.</strong></span> <span class='ocrx_word' id='word_1_157' title='bbox 1037 920 1151 968; x_wconf 81' lang='lat' dir='ltr'>Hun</span> <span class='ocrx_word' id='word_1_158' title='bbox 1170 922 1302 967; x_wconf 83' lang='lat' dir='ltr'>matti</span> <span class='ocrx_word' id='word_1_159' title='bbox 1320 916 1485 966; x_wconf 82' lang='lat' dir='ltr'>lzvorki</span> <span class='ocrx_word' id='word_1_160' title='bbox 1505 928 1576 964; x_wconf 87' lang='lat' dir='ltr'>eta</span> <span class='ocrx_word' id='word_1_161' title='bbox 1593 931 1645 963; x_wconf 83' lang='lat' dir='ltr'>ne</span> <span class='ocrx_word' id='word_1_162' title='bbox 1664 913 1981 980; x_wconf 80' lang='lat' dir='ltr'>dreckasyrer</span> <span class='ocrx_word' id='word_1_163' title='bbox 2000 926 2146 980; x_wconf 85' lang='lat' dir='ltr'>trega,</span> <span class='ocrx_word' id='word_1_164' title='bbox 2158 930 2235 959; x_wconf 87' lang='lat' dir='ltr'>nec</span> <span class='ocrx_word' id='word_1_165' title='bbox 2254 913 2396 968; x_wconf 81' lang='lat' dir='ltr'>edere,</span> 
     </span>
     <span class='ocr_line' id='line_1_13' title="bbox 178 942 2395 1052; baseline -0.008 -11"><span class='ocrx_word' id='word_1_166' title='bbox 178 1011 258 1041; x_wconf 78' lang='lat' dir='ltr'>nec</span> <span class='ocrx_word' id='word_1_167' title='bbox 280 942 435 1040; x_wconf 55' lang='lat' dir='ltr'>{ibere</span> <span class='ocrx_word' id='word_1_168' title='bbox 461 991 612 1051; x_wconf 87' lang='lat' dir='ltr'>potuit</span> <span class='ocrx_word' id='word_1_169' title='bbox 638 1004 729 1049; x_wconf 85' lang='lat' dir='ltr'>prae</span> <span class='ocrx_word' id='word_1_170' title='bbox 758 986 927 1036; x_wconf 79' lang='lat' dir='ltr'>dolore.</span> <span class='ocrx_word' id='word_1_171' title='bbox 970 985 1108 1035; x_wconf 81' lang='lat' dir='ltr'>Alem.</span> <span class='ocrx_word' id='word_1_172' title='bbox 1136 998 1292 1052; x_wconf 81' lang='lat' dir='ltr'>trego,</span> <span class='ocrx_word' id='word_1_173' title='bbox 1319 984 1462 1040; x_wconf 88' lang='lat' dir='ltr'>dolor,</span> <span class='ocrx_word' id='word_1_174' title='bbox 1491 984 1630 1047; x_wconf 83' lang='lat' dir='ltr'>tregi‚</span> <span class='ocrx_word' id='word_1_175' title='bbox 1657 981 1849 1029; x_wconf 81' lang='lat' dir='ltr'>dolores.</span> <span class='ocrx_word' id='word_1_176' title='bbox 1917 982 2003 1027; x_wconf 89' lang='lat' dir='ltr'>His</span> <span class='ocrx_word' id='word_1_177' title='bbox 2023 984 2081 1027; x_wconf 87' lang='lat' dir='ltr'>ita</span> <span class='ocrx_word' id='word_1_178' title='bbox 2100 978 2272 1042; x_wconf 79' lang='lat' dir='ltr'>pofitiS,</span> <span class='ocrx_word' id='word_1_179' title='bbox 2309 976 2395 1025; x_wconf 85' lang='lat' dir='ltr'>fine</span> 
     </span>
     <span class='ocr_line' id='line_1_14' title="bbox 178 1045 2396 1118; baseline -0.008 -12"><span class='ocrx_word' id='word_1_180' title='bbox 178 1059 281 1107; x_wconf 74' lang='lat' dir='ltr'>ullis</span> <span class='ocrx_word' id='word_1_181' title='bbox 301 1056 557 1118; x_wconf 80' lang='lat' dir='ltr'>ambagibus</span> <span class='ocrx_word' id='word_1_182' title='bbox 577 1056 620 1101; x_wconf 89' lang='lat' dir='ltr'>id</span> <span class='ocrx_word' id='word_1_183' title='bbox 643 1053 877 1108; x_wconf 86' lang='lat' dir='ltr'>habemus,</span> <span class='ocrx_word' id='word_1_184' title='bbox 913 1053 1034 1112; x_wconf 91' lang='lat' dir='ltr'>quod</span> <span class='ocrx_word' id='word_1_185' title='bbox 1057 1054 1320 1111; x_wconf 68' lang='lat' dir='ltr'>quaerimus,</span> <span class='ocrx_word' id='word_1_186' title='bbox 1354 1064 1532 1097; x_wconf 89' lang='lat' dir='ltr'>cantum</span> <span class='ocrx_word' id='word_1_187' title='bbox 1560 1065 1719 1110; x_wconf 88' lang='lat' dir='ltr'>nempe</span> <span class='ocrx_word' id='word_1_188' title='bbox 1736 1046 1982 1108; x_wconf 82' lang='lat' dir='ltr'>lugubrem.</span> <span class='ocrx_word' id='word_1_189' title='bbox 2052 1046 2250 1095; x_wconf 89' lang='lat' dir='ltr'>Alterius</span> <span class='ocrx_word' id='word_1_190' title='bbox 2276 1045 2396 1091; x_wconf 85' lang='lat' dir='ltr'>vocis</span> 
     </span>
     <span class='ocr_line' id='line_1_15' title="bbox 181 1110 2398 1187; baseline -0.008 -14"><span class='ocrx_word' id='word_1_191' title='bbox 181 1123 384 1187; x_wconf 82' lang='lat' dir='ltr'>opposita</span> <span class='ocrx_word' id='word_1_192' title='bbox 402 1121 528 1168; x_wconf 89' lang='lat' dir='ltr'>debet</span> <span class='ocrx_word' id='word_1_193' title='bbox 546 1120 627 1166; x_wconf 88' lang='lat' dir='ltr'>esse</span> <span class='ocrx_word' id='word_1_194' title='bbox 644 1121 769 1175; x_wconf 87' lang='lat' dir='ltr'>ratio,</span> <span class='ocrx_word' id='word_1_195' title='bbox 805 1133 909 1164; x_wconf 83' lang='lat' dir='ltr'>ortae</span> <span class='ocrx_word' id='word_1_196' title='bbox 927 1115 1112 1163; x_wconf 81' lang='lat' dir='ltr'>fortaffis</span> <span class='ocrx_word' id='word_1_197' title='bbox 1130 1135 1152 1163; x_wconf 86' lang='lat' dir='ltr'>a</span> <span class='ocrx_word' id='word_1_198' title='bbox 1172 1133 1368 1164; x_wconf 86' lang='lat' dir='ltr'>veterum</span> <span class='ocrx_word' id='word_1_199' title='bbox 1388 1132 1513 1165; x_wconf 83' lang='lat' dir='ltr'>cama</span> <span class='ocrx_word' id='word_1_200' title='bbox 1527 1153 1538 1173; x_wconf 92' lang='lat'>,</span> <span class='ocrx_word' id='word_1_201' title='bbox 1571 1130 1753 1170; x_wconf 85' lang='lat' dir='ltr'>cauma,</span> <span class='ocrx_word' id='word_1_202' title='bbox 1787 1113 1908 1173; x_wconf 91' lang='lat' dir='ltr'>quod</span> <span class='ocrx_word' id='word_1_203' title='bbox 1927 1110 2059 1167; x_wconf 88' lang='lat' dir='ltr'>lusus,</span> <span class='ocrx_word' id='word_1_204' title='bbox 2095 1113 2301 1166; x_wconf 87' lang='lat' dir='ltr'>laetitiam,</span> <span class='ocrx_word' id='word_1_205' title='bbox 2328 1110 2398 1156; x_wconf 69' lang='lat' dir='ltr'>hi—</span> 
     </span>
     <span class='ocr_line' id='line_1_16' title="bbox 170 1177 2397 1247; baseline -0.001 -20"><span class='ocrx_word' id='word_1_206' title='bbox 170 1192 290 1239; x_wconf 67' lang='lat' dir='ltr'>⁴laria</span> <span class='ocrx_word' id='word_1_207' title='bbox 317 1191 364 1235; x_wconf 89' lang='lat' dir='ltr'>in</span> <span class='ocrx_word' id='word_1_208' title='bbox 388 1191 440 1236; x_wconf 83' lang='lat' dir='ltr'>L.</span> <span class='ocrx_word' id='word_1_209' title='bbox 472 1187 751 1232; x_wconf 82' lang='lat' dir='ltr'>Alemannica</span> <span class='ocrx_word' id='word_1_210' title='bbox 776 1184 1007 1229; x_wconf 77' lang='lat' dir='ltr'>denotavit.</span> <span class='ocrx_word' id='word_1_211' title='bbox 1039 1182 1179 1230; x_wconf 87' lang='lat' dir='ltr'>Goth.</span> <span class='ocrx_word' id='word_1_212' title='bbox 1209 1182 1388 1237; x_wconf 86' lang='lat' dir='ltr'>kaman,</span> <span class='ocrx_word' id='word_1_213' title='bbox 1403 1196 1638 1247; x_wconf 86' lang='lat' dir='ltr'>gamman.</span> <span class='ocrx_word' id='word_1_214' title='bbox 1708 1178 1856 1228; x_wconf 84' lang='lat' dir='ltr'>Citata</span> <span class='ocrx_word' id='word_1_215' title='bbox 1875 1179 2162 1244; x_wconf 60' lang='lat' dir='ltr'>Hss.&#39;0lavi</span> <span class='ocrx_word' id='word_1_216' title='bbox 2188 1177 2397 1244; x_wconf 76' lang='lat' dir='ltr'>Tryggv.</span> 
     </span>
     <span class='ocr_line' id='line_1_17' title="bbox 179 1242 2399 1315; baseline -0.007 -10"><span class='ocrx_word' id='word_1_217' title='bbox 179 1260 297 1305; x_wconf 88' lang='lat' dir='ltr'>Part.</span> <span class='ocrx_word' id='word_1_218' title='bbox 323 1269 369 1303; x_wconf 87' lang='lat'>2.</span> <span class='ocrx_word' id='word_1_219' title='bbox 391 1271 440 1315; x_wconf 77' lang='lat' dir='ltr'>p.</span> <span class='ocrx_word' id='word_1_220' title='bbox 457 1267 564 1312; x_wconf 83' lang='lat'><strong>¹41·</strong></span> <span class='ocrx_word' id='word_1_221' title='bbox 609 1247 943 1299; x_wconf 73' lang='lat' dir='ltr'>Gaman&#39;mikit</span> <span class='ocrx_word' id='word_1_222' title='bbox 962 1246 1091 1312; x_wconf 76' lang='lat' dir='ltr'>thykz</span> <span class='ocrx_word' id='word_1_223' title='bbox 1112 1263 1208 1296; x_wconf 84' lang='lat' dir='ltr'>mer</span> <span class='ocrx_word' id='word_1_224' title='bbox 1227 1245 1447 1314; x_wconf 74' lang='lat' dir='ltr'>atfigum</span> <span class='ocrx_word' id='word_1_225' title='bbox 1468 1244 1665 1301; x_wconf 81' lang='lat' dir='ltr'>tln‘num,</span> <span class='ocrx_word' id='word_1_226' title='bbox 1698 1246 1893 1291; x_wconf 88' lang='lat' dir='ltr'>multum</span> <span class='ocrx_word' id='word_1_227' title='bbox 1919 1262 1988 1291; x_wconf 87' lang='lat' dir='ltr'>me</span> <span class='ocrx_word' id='word_1_228' title='bbox 2008 1242 2216 1291; x_wconf 65' lang='lat' dir='ltr'>delefitant</span> <span class='ocrx_word' id='word_1_229' title='bbox 2237 1260 2399 1290; x_wconf 83' lang='lat' dir='ltr'>comoe·</span> 
     </span>
     <span class='ocr_line' id='line_1_18' title="bbox 183 1307 2399 1375; baseline -0.005 -6"><span class='ocrx_word' id='word_1_230' title='bbox 183 1323 265 1369; x_wconf 86' lang='lat' dir='ltr'>diae</span> <span class='ocrx_word' id='word_1_231' title='bbox 291 1336 384 1371; x_wconf 80' lang='lat' dir='ltr'>tuae.</span> <span class='ocrx_word' id='word_1_232' title='bbox 435 1315 564 1369; x_wconf 85' lang='lat' dir='ltr'>Conf.</span> <span class='ocrx_word' id='word_1_233' title='bbox 597 1318 760 1366; x_wconf 83' lang='lat' dir='ltr'>Heims</span> <span class='ocrx_word' id='word_1_234' title='bbox 787 1313 874 1363; x_wconf 67' lang='grc' dir='ltr'>[ἰν.</span> <span class='ocrx_word' id='word_1_235' title='bbox 898 1317 957 1364; x_wconf 91' lang='grc' dir='ltr'>Τ.</span> <span class='ocrx_word' id='word_1_236' title='bbox 991 1337 1023 1364; x_wconf 79' lang='grc' dir='ltr'>ι.</span> <span class='ocrx_word' id='word_1_237' title='bbox 1051 1322 1228 1375; x_wconf 79' lang='grc' dir='ltr'><strong>Ρ.288.</strong></span> <span class='ocrx_word' id='word_1_238' title='bbox 1262 1317 1374 1361; x_wconf 89' lang='lat' dir='ltr'>Non</span> <span class='ocrx_word' id='word_1_239' title='bbox 1402 1311 1537 1360; x_wconf 85' lang='lat' dir='ltr'>aufim</span> <span class='ocrx_word' id='word_1_240' title='bbox 1563 1312 1654 1358; x_wconf 86' lang='lat' dir='ltr'>haec</span> <span class='ocrx_word' id='word_1_241' title='bbox 1680 1328 1776 1357; x_wconf 88' lang='lat' dir='ltr'>mea</span> <span class='ocrx_word' id='word_1_242' title='bbox 1805 1313 2007 1371; x_wconf 87' lang='lat' dir='ltr'>cuiquam</span> <span class='ocrx_word' id='word_1_243' title='bbox 2034 1310 2287 1357; x_wconf 84' lang='lat' dir='ltr'>obtrudere:</span> <span class='ocrx_word' id='word_1_244' title='bbox 2324 1307 2399 1357; x_wconf 79' lang='lat' dir='ltr'>sed</span> 
     </span>
     <span class='ocr_line' id='line_1_19' title="bbox 180 1377 2402 1439; baseline -0.006 -4"><span class='ocrx_word' id='word_1_245' title='bbox 180 1388 373 1435; x_wconf 80' lang='lat' dir='ltr'>veritatis</span> <span class='ocrx_word' id='word_1_246' title='bbox 397 1381 643 1439; x_wconf 81' lang='lat' dir='ltr'>studiosum</span> <span class='ocrx_word' id='word_1_247' title='bbox 673 1380 880 1429; x_wconf 64' lang='lat' dir='ltr'>lectorem</span> <span class='ocrx_word' id='word_1_248' title='bbox 909 1379 1149 1427; x_wconf 65' lang='lat' dir='ltr'>meminiss‘e</span> <span class='ocrx_word' id='word_1_249' title='bbox 1168 1397 1313 1426; x_wconf 86' lang='lat' dir='ltr'>tamen</span> <span class='ocrx_word' id='word_1_250' title='bbox 1337 1379 1560 1426; x_wconf 88' lang='lat' dir='ltr'>coronidis</span> <span class='ocrx_word' id='word_1_251' title='bbox 1585 1379 1684 1424; x_wconf 91' lang='lat' dir='ltr'>loco</span> <span class='ocrx_word' id='word_1_252' title='bbox 1705 1377 1863 1433; x_wconf 85' lang='lat' dir='ltr'>iubeo,</span> <span class='ocrx_word' id='word_1_253' title='bbox 1899 1378 2147 1438; x_wconf 85' lang='lat' dir='ltr'>praecipuos</span> <span class='ocrx_word' id='word_1_254' title='bbox 2165 1386 2402 1438; x_wconf 75' lang='lat' dir='ltr'>poetarum</span> 
     </span>
     <span class='ocr_line' id='line_1_20' title="bbox 182 1438 2402 1516; baseline -0.006 -16"><span class='ocrx_word' id='word_1_255' title='bbox 182 1468 443 1516; x_wconf 85' lang='lat' dir='ltr'>graecorum,</span> <span class='ocrx_word' id='word_1_256' title='bbox 478 1448 669 1516; x_wconf 80' lang='lat' dir='ltr'>Orphea</span> <span class='ocrx_word' id='word_1_257' title='bbox 688 1448 883 1507; x_wconf 86' lang='lat' dir='ltr'>aliosque</span> <span class='ocrx_word' id='word_1_258' title='bbox 911 1449 1091 1506; x_wconf 24' lang='lat' dir='ltr'>natione,</span> <span class='ocrx_word' id='word_1_259' title='bbox 1105 1447 1315 1503; x_wconf 86' lang='lat' dir='ltr'>Thraces,</span> <span class='ocrx_word' id='word_1_260' title='bbox 1335 1446 1421 1492; x_wconf 90' lang='lat' dir='ltr'>hoc</span> <span class='ocrx_word' id='word_1_261' title='bbox 1438 1444 1497 1491; x_wconf 90' lang='lat' dir='ltr'>est</span> <span class='ocrx_word' id='word_1_262' title='bbox 1517 1443 1695 1508; x_wconf 90' lang='lat' dir='ltr'>Scythas</span> <span class='ocrx_word' id='word_1_263' title='bbox 1715 1440 1860 1503; x_wconf 64' lang='lat' dir='ltr'>fuisse,</span> <span class='ocrx_word' id='word_1_264' title='bbox 1878 1458 2007 1504; x_wconf 87' lang='lat' dir='ltr'>atque</span> <span class='ocrx_word' id='word_1_265' title='bbox 2027 1443 2136 1491; x_wconf 88' lang='lat' dir='ltr'>adeo</span> <span class='ocrx_word' id='word_1_266' title='bbox 2157 1441 2254 1491; x_wconf 81' lang='lat' dir='ltr'>fieri</span> <span class='ocrx_word' id='word_1_267' title='bbox 2272 1438 2402 1490; x_wconf 80' lang='lat' dir='ltr'>facile</span> 
     </span>
     <span class='ocr_line' id='line_1_21' title="bbox 182 1509 1876 1584; baseline -0.008 -15"><span class='ocrx_word' id='word_1_268' title='bbox 182 1517 394 1584; x_wconf 74' lang='lat' dir='ltr'>potuisse,</span> <span class='ocrx_word' id='word_1_269' title='bbox 427 1532 476 1567; x_wconf 84' lang='lat' dir='ltr'>ut</span> <span class='ocrx_word' id='word_1_270' title='bbox 493 1517 624 1565; x_wconf 88' lang='lat' dir='ltr'>hosce</span> <span class='ocrx_word' id='word_1_271' title='bbox 643 1515 854 1563; x_wconf 77' lang='lat' dir='ltr'>terminos</span> <span class='ocrx_word' id='word_1_272' title='bbox 875 1528 1080 1574; x_wconf 79' lang='lat' dir='ltr'>tanquam</span> <span class='ocrx_word' id='word_1_273' title='bbox 1100 1513 1322 1561; x_wconf 86' lang='lat' dir='ltr'>technicos</span> <span class='ocrx_word' id='word_1_274' title='bbox 1342 1520 1389 1560; x_wconf 77' lang='lat' dir='ltr'>in</span> <span class='ocrx_word' id='word_1_275' title='bbox 1409 1509 1580 1559; x_wconf 85' lang='lat' dir='ltr'>scenam</span> <span class='ocrx_word' id='word_1_276' title='bbox 1608 1509 1876 1561; x_wconf 75' lang='lat' dir='ltr'>attulerint.“</span> 
     </span>
    </p>
   </div>
   <div class='ocr_carea' id='block_1_3' title="bbox 176 1635 2446 2700">
    <p class='ocr_par' dir='ltr' id='par_1_3' title="bbox 187 1635 2410 2300">
     <span class='ocr_line' id='line_1_22' title="bbox 387 1635 2407 1702; baseline -0.003 -8"><span class='ocrx_word' id='word_1_277' title='bbox 387 1643 523 1693; x_wconf 81' lang='lat' dir='ltr'>Hisce</span> <span class='ocrx_word' id='word_1_278' title='bbox 543 1659 638 1693; x_wconf 86' lang='lat' dir='ltr'>turn</span> <span class='ocrx_word' id='word_1_279' title='bbox 661 1662 686 1692; x_wconf 85' lang='lat' dir='ltr'>a</span> <span class='ocrx_word' id='word_1_280' title='bbox 701 1660 772 1692; x_wconf 87' lang='lat' dir='ltr'>me</span> <span class='ocrx_word' id='word_1_281' title='bbox 791 1638 917 1690; x_wconf 69' lang='lat' dir='ltr'>dictis</span> <span class='ocrx_word' id='word_1_282' title='bbox 937 1639 1093 1688; x_wconf 84' lang='lat' dir='ltr'>addere</span> <span class='ocrx_word' id='word_1_283' title='bbox 1113 1638 1255 1687; x_wconf 87' lang='lat' dir='ltr'>adhuc</span> <span class='ocrx_word' id='word_1_284' title='bbox 1275 1637 1401 1685; x_wconf 86' lang='lat' dir='ltr'>liceat</span> <span class='ocrx_word' id='word_1_285' title='bbox 1418 1636 1688 1700; x_wconf 83' lang='lat' dir='ltr'>exemplum,</span> <span class='ocrx_word' id='word_1_286' title='bbox 1721 1635 1844 1698; x_wconf 92' lang='lat' dir='ltr'>quod</span> <span class='ocrx_word' id='word_1_287' title='bbox 1864 1636 1992 1696; x_wconf 88' lang='lat' dir='ltr'>mihi,</span> <span class='ocrx_word' id='word_1_288' title='bbox 2025 1636 2133 1687; x_wconf 85' lang='lat' dir='ltr'>dum</span> <span class='ocrx_word' id='word_1_289' title='bbox 2151 1640 2407 1702; x_wconf 85' lang='lat' dir='ltr'>nuperrime</span> 
     </span>
     <span class='ocr_line' id='line_1_23' title="bbox 194 1702 2406 1776; baseline -0.005 -13"><span class='ocrx_word' id='word_1_290' title='bbox 194 1711 437 1776; x_wconf 77' lang='lat' dir='ltr'>Ulphilam</span> <span class='ocrx_word' id='word_1_291' title='bbox 458 1712 623 1769; x_wconf 85' lang='lat' dir='ltr'>evolvi,</span> <span class='ocrx_word' id='word_1_292' title='bbox 655 1709 890 1766; x_wconf 87' lang='lat' dir='ltr'>succurrit,</span> <span class='ocrx_word' id='word_1_293' title='bbox 924 1707 1158 1766; x_wconf 87' lang='lat' dir='ltr'>quodque,</span> <span class='ocrx_word' id='word_1_294' title='bbox 1189 1704 1221 1752; x_wconf 90' lang='lat' dir='ltr'>fi</span> <span class='ocrx_word' id='word_1_295' title='bbox 1238 1704 1344 1765; x_wconf 90' lang='lat' dir='ltr'>quid</span> <span class='ocrx_word' id='word_1_296' title='bbox 1362 1718 1449 1766; x_wconf 85' lang='lat' dir='ltr'>ego</span> <span class='ocrx_word' id='word_1_297' title='bbox 1465 1704 1609 1762; x_wconf 88' lang='lat' dir='ltr'>video,</span> <span class='ocrx_word' id='word_1_298' title='bbox 1644 1704 1751 1751; x_wconf 84' lang='lat' dir='ltr'>adeo</span> <span class='ocrx_word' id='word_1_299' title='bbox 1775 1703 1949 1751; x_wconf 88' lang='lat' dir='ltr'>evidens</span> <span class='ocrx_word' id='word_1_300' title='bbox 1971 1702 2043 1763; x_wconf 84' lang='lat' dir='ltr'>est,</span> <span class='ocrx_word' id='word_1_301' title='bbox 2077 1721 2125 1753; x_wconf 90' lang='lat' dir='ltr'>ut</span> <span class='ocrx_word' id='word_1_302' title='bbox 2145 1709 2275 1754; x_wconf 82' lang='lat' dir='ltr'>etiam</span> <span class='ocrx_word' id='word_1_303' title='bbox 2298 1707 2406 1753; x_wconf 80' lang='lat' dir='ltr'>invi—</span> 
     </span>
     <span class='ocr_line' id='line_1_24' title="bbox 188 1766 2407 1838; baseline -0.004 -10"><span class='ocrx_word' id='word_1_304' title='bbox 188 1795 260 1828; x_wconf 71' lang='lat' dir='ltr'>tos</span> <span class='ocrx_word' id='word_1_305' title='bbox 280 1779 335 1825; x_wconf 83' lang='lat' dir='ltr'>ad</span> <span class='ocrx_word' id='word_1_306' title='bbox 352 1776 563 1825; x_wconf 83' lang='lat' dir='ltr'>affensum</span> <span class='ocrx_word' id='word_1_307' title='bbox 583 1792 844 1838; x_wconf 82' lang='lat' dir='ltr'>permovere</span> <span class='ocrx_word' id='word_1_308' title='bbox 861 1770 1004 1835; x_wconf 79' lang='lat' dir='ltr'>poffit.</span> <span class='ocrx_word' id='word_1_309' title='bbox 1021 1772 1127 1835; x_wconf 78' lang='lat' dir='ltr'>Joh.</span> <span class='ocrx_word' id='word_1_310' title='bbox 1148 1787 1220 1833; x_wconf 85' lang='lat'>14,</span> <span class='ocrx_word' id='word_1_311' title='bbox 1237 1785 1313 1820; x_wconf 77' lang='lat'>12.</span> <span class='ocrx_word' id='word_1_312' title='bbox 1346 1771 1453 1818; x_wconf 85' lang='lat' dir='ltr'>dicit</span> <span class='ocrx_word' id='word_1_313' title='bbox 1472 1766 1753 1816; x_wconf 67' lang='lat' dir='ltr'>sanffiffimus</span> <span class='ocrx_word' id='word_1_314' title='bbox 1783 1766 1965 1818; x_wconf 87' lang='lat' dir='ltr'>salvator</span> <span class='ocrx_word' id='word_1_315' title='bbox 1986 1770 2145 1833; x_wconf 86' lang='lat' dir='ltr'>noster,</span> <span class='ocrx_word' id='word_1_316' title='bbox 2171 1775 2248 1833; x_wconf 91' lang='lat' dir='ltr'>qui</span> <span class='ocrx_word' id='word_1_317' title='bbox 2267 1775 2312 1820; x_wconf 90' lang='lat' dir='ltr'>in</span> <span class='ocrx_word' id='word_1_318' title='bbox 2331 1788 2407 1820; x_wconf 84' lang='lat' dir='ltr'>me</span> 
     </span>
     <span class='ocr_line' id='line_1_25' title="bbox 189 1831 2409 1906; baseline -0.003 -14"><span class='ocrx_word' id='word_1_319' title='bbox 189 1845 352 1903; x_wconf 78' lang='lat' dir='ltr'>eredit,</span> <span class='ocrx_word' id='word_1_320' title='bbox 386 1860 543 1906; x_wconf 85' lang='lat' dir='ltr'>opera,</span> <span class='ocrx_word' id='word_1_321' title='bbox 579 1858 676 1902; x_wconf 84' lang='lat' dir='ltr'>quae</span> <span class='ocrx_word' id='word_1_322' title='bbox 703 1858 786 1903; x_wconf 84' lang='lat' dir='ltr'>ego</span> <span class='ocrx_word' id='word_1_323' title='bbox 807 1837 949 1895; x_wconf 89' lang='lat' dir='ltr'>facio,</span> <span class='ocrx_word' id='word_1_324' title='bbox 980 1838 1022 1885; x_wconf 76' lang='grc' dir='ltr'>δι</span> <span class='ocrx_word' id='word_1_325' title='bbox 1043 1836 1133 1899; x_wconf 88' lang='lat' dir='ltr'>ipse</span> <span class='ocrx_word' id='word_1_326' title='bbox 1152 1835 1304 1892; x_wconf 86' lang='lat' dir='ltr'>faciet,</span> <span class='ocrx_word' id='word_1_327' title='bbox 1334 1836 1378 1882; x_wconf 86' lang='lat'>&amp;</span> <span class='ocrx_word' id='word_1_328' title='bbox 1395 1837 1563 1882; x_wconf 81' lang='lat' dir='ltr'>maiora</span> <span class='ocrx_word' id='word_1_329' title='bbox 1582 1836 1666 1882; x_wconf 90' lang='lat' dir='ltr'>illis</span> <span class='ocrx_word' id='word_1_330' title='bbox 1684 1831 1823 1884; x_wconf 86' lang='lat' dir='ltr'>faciet.</span> <span class='ocrx_word' id='word_1_331' title='bbox 1893 1837 2061 1885; x_wconf 85' lang='lat' dir='ltr'>Ultima</span> <span class='ocrx_word' id='word_1_332' title='bbox 2081 1838 2208 1886; x_wconf 90' lang='lat' dir='ltr'>verba</span> <span class='ocrx_word' id='word_1_333' title='bbox 2228 1840 2409 1887; x_wconf 81' lang='lat' dir='ltr'>Gothus</span> 
     </span>
     <span class='ocr_line' id='line_1_26' title="bbox 189 1898 2408 1973; baseline -0.002 -15"><span class='ocrx_word' id='word_1_334' title='bbox 189 1914 500 1972; x_wconf 85' lang='lat' dir='ltr'>interpretatur</span> <span class='ocrx_word' id='word_1_335' title='bbox 505 1907 595 1973; x_wconf 73' lang='lat' dir='ltr'>jah</span> <span class='ocrx_word' id='word_1_336' title='bbox 613 1913 820 1957; x_wconf 82' lang='lat' dir='ltr'>maizona</span> <span class='ocrx_word' id='word_1_337' title='bbox 842 1903 986 1954; x_wconf 72' lang='lat' dir='ltr'>thuim</span> <span class='ocrx_word' id='word_1_338' title='bbox 1007 1905 1194 1967; x_wconf 78' lang='lat' dir='ltr'>taujitlz:</span> <span class='ocrx_word' id='word_1_339' title='bbox 1229 1917 1451 1950; x_wconf 85' lang='lat' dir='ltr'>contextus</span> <span class='ocrx_word' id='word_1_340' title='bbox 1470 1918 1576 1949; x_wconf 45' lang='lat' dir='ltr'>vero*</span> <span class='ocrx_word' id='word_1_341' title='bbox 1594 1903 1774 1949; x_wconf 75' lang='lat' dir='ltr'>Graecus</span> <span class='ocrx_word' id='word_1_342' title='bbox 1795 1900 1925 1948; x_wconf 86' lang='lat' dir='ltr'>habet</span> <span class='ocrx_word' id='word_1_343' title='bbox 1946 1916 2000 1951; x_wconf 61' lang='lat' dir='ltr'>„az</span> <span class='ocrx_word' id='word_1_344' title='bbox 2017 1898 2164 1963; x_wconf 65' lang='grc' dir='ltr'><em>μειξω</em></span> <span class='ocrx_word' id='word_1_345' title='bbox 2182 1907 2408 1954; x_wconf 68' lang='lat' dir='ltr'>w&#39;mmm&#39;-</span> 
     </span>
     <span class='ocr_line' id='line_1_27' title="bbox 191 1966 2408 2030; baseline -0.005 -4"><span class='ocrx_word' id='word_1_346' title='bbox 191 2005 257 2029; x_wconf 70' lang='grc' dir='ltr'>η..</span> <span class='ocrx_word' id='word_1_347' title='bbox 328 1979 480 2023; x_wconf 89' lang='lat' dir='ltr'>Nemo</span> <span class='ocrx_word' id='word_1_348' title='bbox 502 1991 612 2022; x_wconf 79' lang='lat' dir='ltr'>vero</span> <span class='ocrx_word' id='word_1_349' title='bbox 628 1992 716 2022; x_wconf 91' lang='lat' dir='ltr'>non</span> <span class='ocrx_word' id='word_1_350' title='bbox 734 1974 863 2030; x_wconf 85' lang='lat' dir='ltr'>videt,</span> <span class='ocrx_word' id='word_1_351' title='bbox 883 1971 1129 2018; x_wconf 88' lang='lat' dir='ltr'>Gothicum</span> <span class='ocrx_word' id='word_1_352' title='bbox 1148 1968 1417 2018; x_wconf 70' lang='lat' dir='ltr'>maizona&amp;</span> <span class='ocrx_word' id='word_1_353' title='bbox 1438 1968 1516 2014; x_wconf 85' lang='lat' dir='ltr'>Gr.</span> <span class='ocrx_word' id='word_1_354' title='bbox 1537 1977 1683 2029; x_wconf 62' lang='grc' dir='ltr'>μείζονι</span> <span class='ocrx_word' id='word_1_355' title='bbox 1702 1967 1882 2015; x_wconf 89' lang='lat' dir='ltr'>eandem</span> <span class='ocrx_word' id='word_1_356' title='bbox 1909 1985 2063 2015; x_wconf 89' lang='lat' dir='ltr'>vocem</span> <span class='ocrx_word' id='word_1_357' title='bbox 2081 1966 2188 2028; x_wconf 85' lang='lat' dir='ltr'>esse,</span> <span class='ocrx_word' id='word_1_358' title='bbox 2221 1966 2293 2015; x_wconf 89' lang='lat' dir='ltr'>sed</span> <span class='ocrx_word' id='word_1_359' title='bbox 2316 1969 2408 2015; x_wconf 86' lang='lat' dir='ltr'>utri</span> 
     </span>
     <span class='ocr_line' id='line_1_28' title="bbox 187 2033 2405 2105; baseline -0.005 -14"><span class='ocrx_word' id='word_1_360' title='bbox 187 2045 351 2105; x_wconf 71' lang='lat' dir='ltr'>linguae</span> <span class='ocrx_word' id='word_1_361' title='bbox 369 2040 603 2089; x_wconf 82' lang='lat' dir='ltr'>domestica</span> <span class='ocrx_word' id='word_1_362' title='bbox 613 2042 694 2088; x_wconf 84' lang='lat' dir='ltr'>erit</span> <span class='ocrx_word' id='word_1_363' title='bbox 705 2037 917 2088; x_wconf 84' lang='lat' dir='ltr'>dicenda?</span> <span class='ocrx_word' id='word_1_364' title='bbox 938 2039 1025 2084; x_wconf 88' lang='lat' dir='ltr'>utri</span> <span class='ocrx_word' id='word_1_365' title='bbox 1037 2036 1299 2098; x_wconf 81' lang='lat' dir='ltr'>peregrina?</span> <span class='ocrx_word' id='word_1_366' title='bbox 1317 2036 1413 2096; x_wconf 86' lang='lat' dir='ltr'>Ego</span> <span class='ocrx_word' id='word_1_367' title='bbox 1425 2050 1515 2080; x_wconf 89' lang='lat' dir='ltr'>non</span> <span class='ocrx_word' id='word_1_368' title='bbox 1527 2033 1681 2080; x_wconf 92' lang='lat' dir='ltr'>dubito</span> <span class='ocrx_word' id='word_1_369' title='bbox 1694 2034 1940 2097; x_wconf 89' lang='lat' dir='ltr'>Scythicam</span> <span class='ocrx_word' id='word_1_370' title='bbox 1952 2036 2257 2096; x_wconf 85' lang='lat' dir='ltr'>pronuntiare,</span> <span class='ocrx_word' id='word_1_371' title='bbox 2269 2034 2405 2094; x_wconf 86' lang='lat' dir='ltr'>idque</span> 
     </span>
     <span class='ocr_line' id='line_1_29' title="bbox 192 2098 2407 2169; baseline -0.004 -13"><span class='ocrx_word' id='word_1_372' title='bbox 192 2110 253 2157; x_wconf 87' lang='lat' dir='ltr'>ob</span> <span class='ocrx_word' id='word_1_373' title='bbox 272 2109 378 2155; x_wconf 91' lang='lat' dir='ltr'>duas</span> <span class='ocrx_word' id='word_1_374' title='bbox 398 2108 602 2169; x_wconf 79' lang='lat' dir='ltr'>inprimis</span> <span class='ocrx_word' id='word_1_375' title='bbox 624 2109 826 2157; x_wconf 78' lang='lat' dir='ltr'>rationes.</span> <span class='ocrx_word' id='word_1_376' title='bbox 873 2106 1047 2160; x_wconf 80' lang='lat' dir='ltr'>Primo,</span> <span class='ocrx_word' id='word_1_377' title='bbox 1075 2102 1325 2149; x_wconf 86' lang='lat' dir='ltr'>terminatio</span> <span class='ocrx_word' id='word_1_378' title='bbox 1345 2102 1476 2147; x_wconf 88' lang='lat' dir='ltr'>huius</span> <span class='ocrx_word' id='word_1_379' title='bbox 1498 2100 1782 2161; x_wconf 87' lang='lat' dir='ltr'>comparativi</span> <span class='ocrx_word' id='word_1_380' title='bbox 1806 2109 1932 2163; x_wconf 58' lang='grc' dir='ltr'><strong><em>μείζω,</em></strong></span> <span class='ocrx_word' id='word_1_381' title='bbox 1953 2118 2040 2147; x_wconf 92' lang='lat' dir='ltr'>non</span> <span class='ocrx_word' id='word_1_382' title='bbox 2059 2098 2118 2147; x_wconf 87' lang='lat' dir='ltr'>est</span> <span class='ocrx_word' id='word_1_383' title='bbox 2136 2099 2407 2148; x_wconf 66' lang='lat' dir='ltr'>Graecanica:</span> 
     </span>
     <span class='ocr_line' id='line_1_30' title="bbox 191 2168 2408 2235; baseline -0.005 -12"><span class='ocrx_word' id='word_1_384' title='bbox 191 2174 313 2225; x_wconf 80' lang='lat' dir='ltr'>finiri</span> <span class='ocrx_word' id='word_1_385' title='bbox 333 2175 403 2221; x_wconf 78' lang='lat' dir='ltr'>il&#39;l&#39;a</span> <span class='ocrx_word' id='word_1_386' title='bbox 423 2172 529 2221; x_wconf 79' lang='lat' dir='ltr'>solet</span> <span class='ocrx_word' id='word_1_387' title='bbox 548 2175 592 2219; x_wconf 89' lang='lat' dir='ltr'>in</span> <span class='ocrx_word' id='word_1_388' title='bbox 612 2198 720 2235; x_wconf 56' lang='lat' dir='ltr'>agn,</span> <span class='ocrx_word' id='word_1_389' title='bbox 739 2197 841 2234; x_wconf 17' lang='grc' dir='ltr'><strong><em>Δςερος</em></strong></span> <span class='ocrx_word' id='word_1_390' title='bbox 867 2188 954 2217; x_wconf 88' lang='lat' dir='ltr'>non</span> <span class='ocrx_word' id='word_1_391' title='bbox 983 2185 1087 2216; x_wconf 86' lang='lat' dir='ltr'>vero</span> <span class='ocrx_word' id='word_1_392' title='bbox 1106 2170 1151 2215; x_wconf 90' lang='lat' dir='ltr'>in</span> <span class='ocrx_word' id='word_1_393' title='bbox 1172 2179 1261 2230; x_wconf 64' lang='grc' dir='ltr'>ζωε</span> <span class='ocrx_word' id='word_1_394' title='bbox 1297 2181 1447 2214; x_wconf 86' lang='lat' dir='ltr'>contra</span> <span class='ocrx_word' id='word_1_395' title='bbox 1463 2183 1567 2213; x_wconf 82' lang='lat' dir='ltr'>vero</span> <span class='ocrx_word' id='word_1_396' title='bbox 1588 2169 1877 2228; x_wconf 83' lang='lat' dir='ltr'>comparativi</span> <span class='ocrx_word' id='word_1_397' title='bbox 1898 2168 2156 2215; x_wconf 86' lang='lat' dir='ltr'>Gothorum</span> <span class='ocrx_word' id='word_1_398' title='bbox 2183 2184 2335 2214; x_wconf 86' lang='lat' dir='ltr'>omnes</span> <span class='ocrx_word' id='word_1_399' title='bbox 2358 2168 2408 2212; x_wconf 77' lang='lat' dir='ltr'>in</span> 
     </span>
     <span class='ocr_line' id='line_1_31' title="bbox 193 2225 2410 2300; baseline -0.006 -9"><span class='ocrx_word' id='word_1_400' title='bbox 193 2259 281 2299; x_wconf 74' lang='lat' dir='ltr'>za„</span> <span class='ocrx_word' id='word_1_401' title='bbox 300 2256 354 2289; x_wconf 80' lang='lat'>20</span> <span class='ocrx_word' id='word_1_402' title='bbox 374 2238 591 2295; x_wconf 79' lang='lat' dir='ltr'>definunt,</span> <span class='ocrx_word' id='word_1_403' title='bbox 625 2256 664 2288; x_wconf 81' lang='lat' dir='ltr'>e.</span> <span class='ocrx_word' id='word_1_404' title='bbox 684 2254 723 2298; x_wconf 74' lang='lat' dir='ltr'>g,</span> <span class='ocrx_word' id='word_1_405' title='bbox 743 2235 922 2292; x_wconf 81' lang='lat' dir='ltr'>hatiza,</span> <span class='ocrx_word' id='word_1_406' title='bbox 957 2236 1139 2292; x_wconf 88' lang='lat' dir='ltr'>melior,</span> <span class='ocrx_word' id='word_1_407' title='bbox 1173 2235 1401 2300; x_wconf 69' lang='lat' dir='ltr'>waitfiza&#39;,</span> <span class='ocrx_word' id='word_1_408' title='bbox 1435 2234 1575 2295; x_wconf 88' lang='lat' dir='ltr'>peior,</span> <span class='ocrx_word' id='word_1_409' title='bbox 1612 2237 1808 2291; x_wconf 73' lang='lat' dir='ltr'>azetizo,</span> <span class='ocrx_word' id='word_1_410' title='bbox 1843 2231 2027 2289; x_wconf 78' lang='lat' dir='ltr'>facilior,</span> <span class='ocrx_word' id='word_1_411' title='bbox 2042 2230 2220 2296; x_wconf 67' lang='lat' dir='ltr'>sittim,</span> <span class='ocrx_word' id='word_1_412' title='bbox 2253 2225 2410 2291; x_wconf 76' lang='lat' dir='ltr'>levior,</span> 
     </span>
    </p>

    <p class='ocr_par' dir='ltr' id='par_1_4' title="bbox 176 2299 2446 2700">
     <span class='ocr_line' id='line_1_32' title="bbox 176 2299 2408 2374; baseline -0.005 -18"><span class='ocrx_word' id='word_1_413' title='bbox 176 2304 437 2374; x_wconf 71' lang='lat' dir='ltr'>ficintltoza,</span> <span class='ocrx_word' id='word_1_414' title='bbox 457 2302 638 2362; x_wconf 81' lang='lat' dir='ltr'>fortior,</span> <span class='ocrx_word' id='word_1_415' title='bbox 660 2306 825 2362; x_wconf 71' lang='lat' dir='ltr'>maiza,</span> <span class='ocrx_word' id='word_1_416' title='bbox 849 2304 1009 2350; x_wconf 65' lang='lat' dir='ltr'>malon</span> <span class='ocrx_word' id='word_1_417' title='bbox 1076 2301 1248 2348; x_wconf 88' lang='lat' dir='ltr'>Deinde</span> <span class='ocrx_word' id='word_1_418' title='bbox 1267 2317 1352 2346; x_wconf 89' lang='lat' dir='ltr'>vox</span> <span class='ocrx_word' id='word_1_419' title='bbox 1371 2301 1463 2346; x_wconf 84' lang='lat' dir='ltr'>haec</span> <span class='ocrx_word' id='word_1_420' title='bbox 1492 2311 1618 2362; x_wconf 65' lang='grc' dir='ltr'>μέιζαν</span> <span class='ocrx_word' id='word_1_421' title='bbox 1641 2301 1898 2361; x_wconf 85' lang='lat' dir='ltr'>cognatione</span> <span class='ocrx_word' id='word_1_422' title='bbox 1929 2301 2054 2347; x_wconf 89' lang='lat' dir='ltr'>omni</span> <span class='ocrx_word' id='word_1_423' title='bbox 2083 2300 2128 2344; x_wconf 94' lang='lat' dir='ltr'>in</span> <span class='ocrx_word' id='word_1_424' title='bbox 2149 2299 2315 2346; x_wconf 69' lang='lat' dir='ltr'>Graecia</span> <span class='ocrx_word' id='word_1_425' title='bbox 2339 2315 2408 2345; x_wconf 86' lang='lat' dir='ltr'>ca-</span> 
     </span>
     <span class='ocr_line' id='line_1_33' title="bbox 192 2361 2415 2428; baseline -0.005 -7"><span class='ocrx_word' id='word_1_426' title='bbox 192 2390 282 2424; x_wconf 74' lang='lat' dir='ltr'>retz</span> <span class='ocrx_word' id='word_1_427' title='bbox 319 2390 417 2420; x_wconf 77' lang='lat' dir='ltr'>cave</span> <span class='ocrx_word' id='word_1_428' title='bbox 446 2372 567 2418; x_wconf 84' lang='lat' dir='ltr'>enim</span> <span class='ocrx_word' id='word_1_429' title='bbox 597 2370 764 2426; x_wconf 85' lang='lat' dir='ltr'>credas,</span> <span class='ocrx_word' id='word_1_430' title='bbox 791 2388 814 2415; x_wconf 87' lang='lat' dir='ltr'>a</span> <span class='ocrx_word' id='word_1_431' title='bbox 832 2379 949 2428; x_wconf 46' lang='grc' dir='ltr'>μέγα</span> <span class='ocrx_word' id='word_1_432' title='bbox 976 2367 1063 2414; x_wconf 86' lang='lat' dir='ltr'>ulla</span> <span class='ocrx_word' id='word_1_433' title='bbox 1089 2381 1285 2426; x_wconf 86' lang='lat' dir='ltr'>unquam</span> <span class='ocrx_word' id='word_1_434' title='bbox 1312 2366 1631 2427; x_wconf 83' lang='lat' dir='ltr'>pronuntiandi</span> <span class='ocrx_word' id='word_1_435' title='bbox 1659 2363 1852 2411; x_wconf 83' lang='lat' dir='ltr'>libertate</span> <span class='ocrx_word' id='word_1_436' title='bbox 1870 2372 1996 2426; x_wconf 67' lang='grc' dir='ltr'><em>μείζω,</em></span> <span class='ocrx_word' id='word_1_437' title='bbox 2025 2361 2175 2426; x_wconf 80' lang='lat' dir='ltr'>effingi</span> <span class='ocrx_word' id='word_1_438' title='bbox 2194 2363 2415 2426; x_wconf 68' lang='lat' dir='ltr'>potuisse3</span> 
     </span>
     <span class='ocr_line' id='line_1_34' title="bbox 194 2428 2411 2498; baseline -0.005 -8"><span class='ocrx_word' id='word_1_439' title='bbox 194 2446 346 2491; x_wconf 81' lang='lat' dir='ltr'>maiza</span> <span class='ocrx_word' id='word_1_440' title='bbox 363 2455 466 2486; x_wconf 85' lang='lat' dir='ltr'>vero</span> <span class='ocrx_word' id='word_1_441' title='bbox 478 2473 490 2496; x_wconf 90' lang='lat'>,</span> <span class='ocrx_word' id='word_1_442' title='bbox 524 2454 610 2497; x_wconf 86' lang='lat' dir='ltr'>qua</span> <span class='ocrx_word' id='word_1_443' title='bbox 628 2449 745 2498; x_wconf 81' lang='lat' dir='ltr'>patet</span> <span class='ocrx_word' id='word_1_444' title='bbox 764 2434 881 2481; x_wconf 78' lang='lat' dir='ltr'>orbis</span> <span class='ocrx_word' id='word_1_445' title='bbox 902 2433 1136 2496; x_wconf 70' lang='lat' dir='ltr'>Gothicus,</span> <span class='ocrx_word' id='word_1_446' title='bbox 1170 2430 1421 2478; x_wconf 84' lang='lat' dir='ltr'>affinitatem</span> <span class='ocrx_word' id='word_1_447' title='bbox 1440 2430 1609 2491; x_wconf 83' lang='lat' dir='ltr'>ubique</span> <span class='ocrx_word' id='word_1_448' title='bbox 1626 2428 1831 2493; x_wconf 86' lang='lat' dir='ltr'>agnoscit.</span> <span class='ocrx_word' id='word_1_449' title='bbox 1882 2432 2014 2480; x_wconf 78' lang='lat' dir='ltr'>Mais</span> <span class='ocrx_word' id='word_1_450' title='bbox 2030 2433 2149 2478; x_wconf 85' lang='lat' dir='ltr'>enim</span> <span class='ocrx_word' id='word_1_451' title='bbox 2166 2431 2209 2479; x_wconf 70' lang='grc'>8(</span> <span class='ocrx_word' id='word_1_452' title='bbox 2226 2436 2411 2487; x_wconf 79' lang='lat' dir='ltr'>maisve,</span> 
     </span>
     <span class='ocr_line' id='line_1_35' title="bbox 195 2494 2446 2566; baseline -0.004 -11"><span class='ocrx_word' id='word_1_453' title='bbox 195 2509 244 2554; x_wconf 80' lang='lat' dir='ltr'>in</span> <span class='ocrx_word' id='word_1_454' title='bbox 271 2506 419 2554; x_wconf 88' lang='lat' dir='ltr'>codice</span> <span class='ocrx_word' id='word_1_455' title='bbox 445 2518 648 2564; x_wconf 81' lang='lat' dir='ltr'>argenteo</span> <span class='ocrx_word' id='word_1_456' title='bbox 674 2501 813 2561; x_wconf 81' lang='lat' dir='ltr'>magis</span> <span class='ocrx_word' id='word_1_457' title='bbox 836 2500 1034 2546; x_wconf 83' lang='lat' dir='ltr'>denotat:</span> <span class='ocrx_word' id='word_1_458' title='bbox 1070 2498 1175 2558; x_wconf 82' lang='lat' dir='ltr'>vide</span> <span class='ocrx_word' id='word_1_459' title='bbox 1197 2510 1318 2544; x_wconf 83' lang='lat' dir='ltr'>antea</span> <span class='ocrx_word' id='word_1_460' title='bbox 1348 2495 1569 2544; x_wconf 85' lang='lat' dir='ltr'>observata</span> <span class='ocrx_word' id='word_1_461' title='bbox 1596 2497 1651 2543; x_wconf 86' lang='lat' dir='ltr'>ad</span> <span class='ocrx_word' id='word_1_462' title='bbox 1675 2514 1720 2546; x_wconf 76' lang='grc' dir='ltr'>ν.</span> <span class='ocrx_word' id='word_1_463' title='bbox 1738 2494 2005 2555; x_wconf 56' lang='grc' dir='ltr'>εῆαηαηιαίγ,</span> <span class='ocrx_word' id='word_1_464' title='bbox 2026 2515 2127 2560; x_wconf 82' lang='lat' dir='ltr'>pag.</span> <span class='ocrx_word' id='word_1_465' title='bbox 2144 2513 2227 2561; x_wconf 86' lang='lat'>33:</span> <span class='ocrx_word' id='word_1_466' title='bbox 2258 2500 2410 2566; x_wconf 76' lang='lat' dir='ltr'>maists</span> <span class='ocrx_word' id='word_1_467' title='bbox 2436 2513 2446 2517; x_wconf 62' lang='grc'>·’</span> 
     </span>
     <span class='ocr_line' id='line_1_36' title="bbox 193 2559 2412 2632; baseline -0.003 -11"><span class='ocrx_word' id='word_1_468' title='bbox 193 2589 298 2621; x_wconf 79' lang='lat' dir='ltr'>vero</span> <span class='ocrx_word' id='word_1_469' title='bbox 317 2571 602 2632; x_wconf 79' lang='lat' dir='ltr'>superlativus</span> <span class='ocrx_word' id='word_1_470' title='bbox 622 2567 779 2629; x_wconf 79' lang='lat' dir='ltr'>gradus</span> <span class='ocrx_word' id='word_1_471' title='bbox 797 2564 868 2622; x_wconf 85' lang='lat' dir='ltr'>est,</span> <span class='ocrx_word' id='word_1_472' title='bbox 899 2566 1138 2612; x_wconf 84' lang='lat' dir='ltr'>maximum</span> <span class='ocrx_word' id='word_1_473' title='bbox 1158 2578 1329 2611; x_wconf 71' lang='lat' dir='ltr'>notans.</span> <span class='ocrx_word' id='word_1_474' title='bbox 1376 2566 1476 2608; x_wconf 84' lang='lat' dir='ltr'>Nos</span> <span class='ocrx_word' id='word_1_475' title='bbox 1492 2580 1515 2610; x_wconf 86' lang='lat' dir='ltr'><em>s</em></span> <span class='ocrx_word' id='word_1_476' title='bbox 1534 2559 1677 2621; x_wconf 82' lang='lat' dir='ltr'>finale,</span> <span class='ocrx_word' id='word_1_477' title='bbox 1703 2579 1752 2611; x_wconf 93' lang='lat' dir='ltr'>ut</span> <span class='ocrx_word' id='word_1_478' title='bbox 1772 2560 1882 2629; x_wconf 82' lang='lat' dir='ltr'>saepe</span> <span class='ocrx_word' id='word_1_479' title='bbox 1901 2561 1965 2626; x_wconf 87' lang='lat' dir='ltr'>fit,</span> <span class='ocrx_word' id='word_1_480' title='bbox 1984 2566 2030 2613; x_wconf 84' lang='lat' dir='ltr'>in</span> <span class='ocrx_word' id='word_1_481' title='bbox 2049 2580 2078 2616; x_wconf 89' lang='lat' dir='ltr'>r</span> <span class='ocrx_word' id='word_1_482' title='bbox 2095 2566 2412 2628; x_wconf 64' lang='lat' dir='ltr'>convenimus,</span> 
     </span>
     <span class='ocr_line' id='line_1_37' title="bbox 196 2627 1760 2700; baseline -0.007 -9"><span class='ocrx_word' id='word_1_483' title='bbox 196 2655 295 2692; x_wconf 77' lang='lat' dir='ltr'>mer</span> <span class='ocrx_word' id='word_1_484' title='bbox 316 2639 522 2700; x_wconf 74' lang='lat' dir='ltr'>dicentes,</span> <span class='ocrx_word' id='word_1_485' title='bbox 535 2636 603 2685; x_wconf 79' lang='lat' dir='ltr'>uti</span> <span class='ocrx_word' id='word_1_486' title='bbox 620 2635 775 2685; x_wconf 75' lang='lat' dir='ltr'>docent</span> <span class='ocrx_word' id='word_1_487' title='bbox 795 2631 993 2695; x_wconf 71' lang='lat' dir='ltr'>exempla</span> <span class='ocrx_word' id='word_1_488' title='bbox 1011 2633 1147 2698; x_wconf 26' lang='lat' dir='ltr'>‘citato</span> <span class='ocrx_word' id='word_1_489' title='bbox 1166 2629 1275 2697; x_wconf 14' lang='lat' dir='ltr'>loco,</span> <span class='ocrx_word' id='word_1_490' title='bbox 1287 2646 1311 2681; x_wconf 76' lang='lat' dir='ltr'>a</span> <span class='ocrx_word' id='word_1_491' title='bbox 1328 2645 1399 2681; x_wconf 74' lang='lat' dir='ltr'>me</span> <span class='ocrx_word' id='word_1_492' title='bbox 1420 2627 1597 2696; x_wconf 76' lang='lat' dir='ltr'>copiose</span> <span class='ocrx_word' id='word_1_493' title='bbox 1615 2629 1760 2687; x_wconf 70' lang='lat' dir='ltr'>allata-,-</span> 
     </span>
    </p>
   </div>
   <div class='ocr_carea' id='block_1_4' title="bbox 2185 2966 2430 3021">
    <p class='ocr_par' dir='ltr' id='par_1_5' title="bbox 2185 2966 2430 3021">
     <span class='ocr_line' id='line_1_38' title="bbox 2185 2966 2430 3021; baseline -0.008 0"><span class='ocrx_word' id='word_1_494' title='bbox 2185 2966 2430 3021; x_wconf 56' lang='lat' dir='ltr'>DISSER&#39;L&#39;-</span> 
     </span>
    </p>
   </div>
  </div>
 </body>
</html>
