2473 3380
138 120 205 175 64
341 103 723 160 WACHTERI
751 105 1069 158 DISSERT.
1108 108 1211 158 DE
1244 106 1530 162 LINGUA
1563 110 1721 165 COD.
1757 112 2145 169 ARGENTEI.

135 221 299 270 Tauris
318 215 545 278 accepisse,
579 235 681 267 cum
710 218 855 266 adhuc
881 218 978 266 loca
1007 222 1118 266 circa
1144 220 1354 282 paludem
1373 222 1631 269 Maeotidem
1659 225 1922 286 incolerent,
1950 229 2018 275 vel
2034 230 2197 276 Tauris
2219 246 2243 277 a
2263 232 2355 277 Go-

135 291 224 338 this
242 282 407 335 reliaas
428 282 528 333 esse.

274 349 533 399 Sarmatica
559 350 762 413 appello,
796 367 1066 411 quaecunque
1092 353 1212 415 apud
1232 353 1476 400 Slavonicas
1505 368 1650 415 gentes
1678 355 1836 404 eodem
1864 357 2102 420 significatu
2130 361 2356 422 hodieque

135 432 401 487 perennant,
435 417 505 463 vel
526 417 579 464 ab
598 417 680 463 illis
699 420 919 468 oriuntur,
987 420 1264 465 Huiusmodi
1285 416 1395 477 sunt,

266 484 387 541 Fan,
421 485 668 542 Dominus,
702 483 823 543 quod
844 483 1023 530 Polonis
1045 486 1086 531 ἃ
1106 483 1240 532 Ruffis
1259 482 1441 532 effertur
1461 485 1581 535 Pan.
1649 488 1856 548 Reliqua,
1891 506 1988 550 quae
2007 492 2081 539 hic
2098 490 2351 552 sequuntur,

324 554 610 611 'repertorem
629 549 788 596 habent
810 548 980 600 dofflff.
999 553 1249 598 Dominum
1270 548 1523 616 Frgfibium
1537 589 1549 610 ,
1581 553 1786 615 plurium
1810 555 2063 617 linguarum
2087 557 2353 620 &inprimis

337 616 574 663 Slavonicae
591 614 901 681 peritiffimum
913 653 926 679 ,
960 633 1011 664 ut
1033 633 1180 665 caetera
1207 617 1349 665 laudis
1367 634 1622 680 argumenta
1640 621 1859 676 omittam,

272 681 336 733 So
347 718 362 742 ,
390 681 506 741 haec,
538 680 738 746 Slav.sti.

270 749 433 806 Samo,
467 746 583 810 ipse,
618 745 901 812 Slav.st1m0.
1051 786 1078 798 a·

267 814 427 879 Ludja
439 852 450 873 ‚
485 812 639 872 facies,
673 815 784 861 Slav.
804 815 936 864 litza.

268 881 374 935 Dal
417 919 427 939 ‚
461 878 614 938 fovea,
648 881 833 930 Bonem.
857 880 1001 949 dolig.

267 948 353 1001 Au
389 964 443 1007 n,
473 944 651 1005 fornax,
685 966 710 995 a
730 947 843 997 Slav.
864 964 975 1015 ogn,
1011 949 1139 1010 ignis.

267 1015 426 1073 Dihz‚
458 1011 576 1072 fera,'
609 1013 726 1061 Ruff.
743 1012 872 1066 dikii.

266 1084 367 1136 Sna
401 1097 455 1143 a,
488 1080 816 1138 vestimentum,
847 1080 1032 1132 Bohem.
1052 1079 1224 1139 Sukne,
1254 1096 1370 1144 toga.

267 1151 367 1202 Mal
400 1163 498 1204 ma,
533 1148 695 1203 nubes,
730 1147 914 1198 Bohem.
937 1144 1080 1197 mlzla.

266 1215 436 1271 stikle,
471 1214 602 1272 calix,
635 1213 941 1280 Slav.stakan.

264 1282 536 1344 Martzjan,
569 1278 874 1333 scandalizare.
908 1281 1090 1333 Bohem,
1108 1282 1297 1342 mrzeti,
1328 1279 1508 1328 taedium
1527 1281 1569 1328 δε
1589 1279 1831 1329 molestiam
1852 1283 2018 1335 afferre.
2067 1281 2070 1284 Δ

265 1352 425 1404 Mota,
459 1347 698 1406 telonium,
730 1347 976 1400 Slav,miit.

267 1419 520 1472 Motareis,
554 1413 816 1471 telonariuS,
847 1414 959 1467 Slav.
994 1425 1176 1472 mutar,
1218 1413 1320 1461 inde
1354 1415 1589 1462 Germanis
1628 1415 1894 1477 quibusdam
1926 1414 2160 1466 Slavorum
2193 1418 2348 1466 vicinis

333 1494 563 1538 maumam
598 1480 755 1527 eodem
773 1477 913 1529 sensu.

267 1548 504 1629 Invipdaj’
538 1544 702 1623 ¹¹¹¹pr¹⁰
740 1614 748 1622 ,
775 1614 784 1623 ,
866 1543 906 1627 “i
940 1568 1255 1626 aSlav0wina,
1289 1567 1442 1630 culpa,
1471 1567 1696 1619 delicium.

267 1611 572 1672 Inwmdztlza,
603 1611 829 1661 mmstma·
862 1627 884 1666 ‚1
1627 1648 1630 1652 -

131 1684 434 1752 Burgundica
455 1681 568 1737 dice,
596 1695 693 1739 quae
710 1680 938 1740 Burgundi
956 1678 1168 1726 Vistulam
1190 1676 1432 1741 transgressi
1453 1681 1615 1727 Gothis
1635 1684 2029 1731 communicarunt.
2098 1683 2220 1728 Nam
2242 1683 2348 1728 Bur·

131 1753 304 1818 gundos
323 1753 369 1797 in
386 1749 595 1796 Sarmatia
613 1748 831 1807 Europaea
847 1747 957 1792 olim
979 1746 1141 1792 Gothis
1160 1744 1372 1792 finitimos
1400 1744 1525 1793 fuisse
1540 1784 1552 1803 ‚
1584 1747 1651 1793 vel
1672 1749 1775 1794 hinc
1802 1765 1940 1810 patet,
1970 1748 2091 1808 quod
2124 1746 2204 1794 sub
2225 1749 2345 1808 prin-

132 1823 282 1882 cipatu
300 1814 576 1867 Diocletiani
600 1811 643 1858 &
668 1813 959 1861 Maximiani
988 1830 1010 1858 a
1039 1813 1201 1859 Gothis
1228 1810 1401 1858 sedibus
1430 1810 1516 1858 suis
1542 1813 1655 1874 pulli
1681 1813 1802 1872 sunt,
1837 1814 1938 1862 teste
1961 1817 2266 1869 Mamertino,
2301 1814 2347 1859 in

132 1879 453 1940 Genethliaco‚
485 1880 781 1929 Maximiano
801 1878 921 1943 Aug.
942 1875 1074 1935 disto,
1099 1895 1213 1923 anno
1234 1880 1403 1924 circiter
1421 1891 1531 1934 292.
1553 1896 1647 1939 cap.
1673 1894 1746 1941 17.
1803 1883 1955 1926 Huius
1972 1883 2140 1941 generis
2161 1879 2219 1926 est
2236 1879 2346 1928 Isin·

128 1956 256 2010 dim,
288 1945 470 2013 praeses,
503 1961 667 1993 nomen
697 1945 916 2006 dignitatis
952 1944 992 1990 δι
1018 1941 1180 2001 officii,
1216 1943 1368 1991 Pilato
1393 1943 1612 1990 tributum
1636 1945 1691 1991 ab
1721 1947 1978 2007 interprete,
2012 1945 2055 1993 ὅ(
2080 1960 2345 2007 corruptum

128 2022 200 2082 (ut
215 2017 405 2076 videtur)
423 2031 472 2060 ex
492 2010 744 2068 Hindinos‚
779 2027 866 2071 qua
884 2027 988 2057 voce
1008 2010 1236 2071 Burgundi
1255 2027 1404 2071 regem
1423 2011 1643 2071 appellare
1664 2008 1824 2069 solent,
1859 2025 2130 2058 memorante
2149 2013 2343 2061 Marcel·

127 2088 238 2138 lino.
307 2086 428 2130 Nam
445 2077 475 2128 lz
493 2077 617 2126 facile
635 2076 780 2123 transit
797 2079 843 2123 in
864 2074 911 2136 k,
945 2076 1049 2123 ficut
1068 2075 1095 2125 k
1111 2080 1158 2122 in
1177 2073 1229 2132 h,
1264 2091 1313 2122 ut
1332 2077 1523 2123 vidimus
1546 2075 1681 2138 'supra
1694 2109 1707 2131 ,
1742 2079 1788 2123 in
1806 2095 1912 2125 voce
1932 2074 2113 2141 lzltstus.
2180 2077 2253 2124 Est
2272 2095 2344 2125 au·

129 2170 221 2202 tem
248 2147 490 2200 Hendinus
515 2161 680 2192 nomen
707 2144 928 2205 generale,
964 2140 1215 2190 observante
1238 2141 1534 2201 Marcellino,
1567 2142 1806 2204 significans
1830 2146 2083 2203 Seniorem,
2116 2147 2345 2206 componi-

129 2235 289 2281 turque
308 2233 357 2263 ex
375 2212 543 2262 duabus
563 2209 745 2258 vocibus
767 2209 961 2267 Celticis,
995 2210 1100 2259 Hen
1121 2209 1162 2256 ἃ
1181 2210 1315 2274 Dyn,
1349 2226 1538 2270 quarum
1556 2210 1628 2256 illa
1647 2226 1874 2267 veterem‚·
1893 2211 1985 2258 hacc
2013 2212 2243 2257 hominem
2264 2211 2344 2259 ho·

130 2289 290 2346 dieque
317 2282 494 2329 denotat
523 2277 645 2340 apud
673 2276 904 2325 CambrOS.
961 2275 1218 2324 Verofimile
1247 2276 1330 2332 est,
1359 2275 1619 2338 Burgundos
1645 2293 1740 2323 ante
1766 2280 2071 2338 migrationem
2101 2278 2146 2321 in
2176 2280 2343 2325 Sarma·

128 2358 236 2403 tiam
252 2351 339 2397 hoc
358 2345 625 2395 vocabulum
643 2341 848 2404 accepiffe
867 2361 891 2390 a
911 2343 1145 2401 Geminis,
1177 2342 1264 2390 suis
1285 2344 1340 2390 ad
1360 2345 1577 2389 Viadrum
1598 2345 1764 2393 vicinis,
1832 2347 1953 2390 Nam
1975 2345 2056 2390 hos
2076 2343 2243 2391 Gallica
2264 2344 2343 2390 lin·

131 2437 221 2485 gua
234 2415 333 2465 usos
353 2412 460 2473 effe,
491 2410 640 2458 scribit
663 2410 861 2460 Tacitus.

266 2483 445 2533 Dacica
463 2495 598 2536 voco,
631 2494 721 2524 non
736 2491 878 2524 vetera
895 2475 967 2524 illa
985 2478 1157 2533 Getica,
1192 2476 1244 2524 de
1266 2474 1427 2536 quibus
1445 2476 1564 2523 nulla
1580 2476 1634 2522 ad
1653 2493 1734 2523 nos
1752 2477 1869 2523 venit
1888 2478 2102 2522 memoria
2114 2512 2126 2534 ,
2153 2474 2225 2524 sed
2246 2493 2357 2537 quae2

130 2550 347 2602 veteribus
366 2549 412 2593 in
434 2545 585 2592 eadem
603 2559 726 2590 terrae
751 2558 875 2604 parte
903 2541 1213 2601 successerunt,
1241 2543 1386 2592 latina.
1443 2546 1564 2589 Nam
1597 2540 1832 2604 postquam
1852 2544 1986 2589 Dacia
2012 2544 2057 2589 in
2086 2541 2343 2603 potestatem

129 2618 293 2684 populi
312 2618 445 2662 Rom.
465 2612 685 2673 pervenit,
717 2609 914 2656 Coloniae
940 2610 1157 2673 Trajana’
1186 2607 1314 2656 usum
1344 2610 1482 2656 latinae
1512 2610 1669 2670 linguae
1695 2609 1800 2656 huic
1828 2611 2064 2670 provinciae
2092 2609 2341 2666 intulerunt,
2384 2636 2388 2639 -

131 2685 254 2748 quod
272 2695 430 2745 praeter
455 2679 647 2728 Dionem
677 2677 1017 2737 quamplurimae
1048 2675 1351 2740 inscriptiones
1377 2677 1517 2728 latinae
1545 2679 1590 2723 in
1607 2677 1742 2723 Dacia
1770 2691 1951 2737 repertae
1980 2674 2202 2726 testantur.
2270 2676 2342 2723 Ad

128 2753 241 2801 hanc
259 2746 426 2796 clall'em
446 2741 601 2791 referri
618 2742 795 2804 possunt
811 2745 922 2788 inter
937 2743 1040 2791 alia.

265 2810 608 2875 Anakumbjan‚
639 2808 911 2858 accumbere.

266 2878 602 2938 Militondans,
630 2876 808 2926 milites.

2160 2942 2338 3009 Faskjm
