2473 3380
177 192 274 231 120
822 174 1120 227 ΑΝΝο
1162 170 1280 239 TA
1320 159 1755 225 Tlo‘N'Es.

174 306 279 336 vero
301 282 471 334 sensum
487 280 640 340 habet,
673 282 808 331 rastro
829 302 1016 346 purgare
1045 300 1289 344 prunarum
1309 301 1513 330 acervum
1527 285 1550 332 ἓ
1584 288 1730 330 Immo
1750 300 1876 342 vero,
1911 282 1942 332 si
1971 301 2152 347 quoque
2170 286 2389 336 audaculae

174 355 392 406 Knittelii
419 347 677 398 conie&urae
705 354 885 411 gratiam
913 347 1145 406 faciamus,
1173 349 1284 396 dum
1314 350 1542 410 opinatur,
1579 351 1783 397 Gothum
1812 354 2093 413 interpretem
2119 352 2265 413 legiss'e
2296 371 2387 400 non

179 425 342 482 engada-za
377 415 447 464 sed
475 425 638 480 agaim,
674 434 696 460 a
716 421 842 476 caedas,
878 413 1016 477 scopis
1035 431 1207 476 purgo3
1243 414 1345 462 scire
1368 415 1564 462 lubenter
1581 417 1765 473 vellem,
1801 418 1908 477 quid
1928 418 2110 466 rastrum
2132 419 2187 465 ad
2206 417 2389 480 scopas?

181 488 350 546 quippe
367 484 525 544 quibus
547 485 727 536 utimur,
758 481 810 525 ad
831 482 1133 539 everrendum,
1169 499 1256 529 non
1280 483 1332 529 „id
1357 482 1716 530 coacervandum.
1785 485 1843 538 Si,
1873 485 2033 543 quibus
2053 485 2162 533 liber
2179 483 2391 535 Knittelii

180 548 236 598 ad
257 567 410 596 manus
430 566 518 594 non
543 546 624 597 est,
659 544 763 592 scire
785 542 968 594 fortaffis
993 548 1192 605 libuerit,
1226 565 1360 609 quem
1389 549 1562 595 tandem
1591 546 1757 594 sensum
1782 549 1933 596 Gotho
1968 550 2114 598 nostro
2144 553 2209 598 vel
2240 549 2390 612 potius

180 616 395 663 dissolutis
419 612 503 659 suis
523 611 664 673 scopis
683 612 858 670 tribuat,
886 612 1001 670 sciat,
1021 615 1100 661 illo
1118 616 1365 676 interprete,
1394 613 1634 679 Ulphilam
1657 614 1754 659 heic
1772 613 2018 675 significare,
2049 635 2164 674 eum,
2199 620 2277 676 qui
2307 619 2389 663 ini-

179 684 350 729 micum
367 678 494 725 suum
515 679 642 724 bonis
661 679 876 738 cumulat,
908 679 1043 728 rastro
1065 677 1247 728 furnum
1267 678 1481 744 purgare,
1511 682 1597 729 hoc
1615 679 1674 728 est
1697 681 1911 730 alimenta
1931 683 2192 732 acerbitatis
2192 680 2391 747 ficbtra-

181 745 298 799 here.
369 746 452 791 Sed
477 746 562 791 ohe
583 742 680 791 satis
705 743 784 790 est!

386 809 607 872 Superest,
637 827 685 857 ut
708 829 804 870 quae
832 810 974 861 nostra
996 813 1048 860 de
1072 814 1152 861 hac
1171 831 1277 861 voce
1304 811 1422 863 rikis
1440 812 1644 862 sententia
1665 813 1734 871 sit,
1760 817 1911 877 paucis
1930 817 2210 878 explicemus.
2279 818 2393 862 Non

181 897 265 942 ego
292 880 495 932 memini,
531 895 601 922 nie
629 878 796 936 aliquid
825 879 1083 928 huiusmodi
1111 883 1156 927 in
1186 879 1369 927 dialeEio
1399 883 1467 928 vel
1491 883 1773 928 Alemannica
1799 883 1863 928 vel
1893 881 2244 943 Anglosaxonica
2278 883 2394 928 inve-

182 944 305 994 niffe.
377 945 478 990 Sola
497 943 554 989 est
571 943 793 1001 Islandica,
821 962 916 1004 quae
941 946 1066 993 nobis
1084 947 1375 1006 quaerentibus
1395 944 1535 994 facem
1558 947 1735 995 offerat:
1772 950 1816 993 in
1840 967 1886 994 ea
1905 952 2032 1005 enim,
2068 947 2245 995 aufiiore
2266 945 2393 995 Gud-

183 1010 349 1063 mundo
369 1008 580 1066 Andrea’,
616 1011 782 1057 Lexici
800 1012 1029 1070 islandia,
1049 1031 1152 1074 pag·
1178 1029 1285 1062 121.
1310 1011 1466 1064 Ιῑνεὶὲα
1485 1015 1552 1061 vel
1583 1013 1708 1063 reika
1735 1029 1855 1060 notat
1882 1014 2056 1063 struere.
2090 1017 2135 1061 in
2163 1013 2395 1061 cumulum

183 1077 416 1131 exstruere,
446 1074 712 1122 construere:
740 1092 787 1122 ut
804 1078 912 1123 adeo
932 1080 1028 1125 voci
1056 1085 1206 1141 εωςειῖειν
1236 1077 1538 1140 perfefflffime
1566 1082 1608 1127 ἃ
1637 1099 1684 1127 ex
1712 1079 1792 1126 affe
1822 1081 2118 1142 aequipolleat.
2176 1084 2226 1126 In
2254 1095 2394 1126 vetere

183 1149 303 1209 Lege
334 1143 505 1191 Dalica
543 1159 645 1202 pag.
672 1156 744 1197 19.
786 1145 977 1189 occurrit
1018 1143 1132 1191 rb'ka
1159 1147 1316 1191 eodem
1345 1146 1582 1207 significatu
1611 1148 1663 1194 de
1691 1145 1826 1208 segete
1855 1150 1898 1193 in
1933 1164 2105 1193 acervos
2137 1145 2396 1207 colligenda.

184 1207 489 1271 Rbkisaman,
523 1206 900 1271 akiswafizklc‘ss‚
932 1207 1115 1269 segetem
1140 1226 1374 1263 coacervet,
1404 1214 1444 1259 δι
1464 1215 1522 1258 ita
1543 1215 1724 1274 impune
1744 1231 1895 1259 arvum
1917 1211 2112 1261 transeat.
2156 1212 2256 1262 Rek
2273 1209 2396 1272 apud

185 1294 266 1325 uos
289 1275 511 1333 hodieque
536 1290 739 1320 acervum
761 1272 922 1335 segetis,
943 1275 1145 1335 pluribus
1165 1278 1423 1337 mergitibus
1444 1277 1733 1335 constantem,
1767 1278 1987 1339 fignificat.
2057 1275 2400 1338 Antiquerauk.

185 1360 229 1392 v.
254 1339 416 1391 Gotlzl.
452 1342 502 1388 L.
524 1344 633 1400 Cap.
659 1355 700 1397 3.
729 1343 762 1398 §.
785 1357 829 1392 2.
866 1342 935 1388 Isl.
959 1339 1162 1398 lzraukr‚
1199 1344 1321 1402 quod
1349 1343 1617 1390 vocabulum
1648 1362 1737 1391 non
1764 1360 1935 1391 tantum
1964 1344 2018 1390 de
2046 1342 2195 1406 segetis
2221 1344 2396 1399 acervis,

185 1407 406 1458 sedetiam
428 1408 478 1453 de
499 1406 727 1466 quibusvis
747 1424 896 1454 rerum
917 1407 1219 1469 congestarum
1239 1411 1443 1466 cumulis,
1463 1410 1703 1470 lignorum,
1726 1409 1953 1471 cespitum,
1973 1411 2052 1460 διε.
2074 1411 2230 1457 eodem
2260 1407 2398 1458 Gud-

185 1474 351 1526 mundo
372 1472 486 1525 teste,
512 1471 761 1534 usurpatur,
783 1476 846 1520 uti
868 1476 998 1520 etiam
1019 1474 1176 1535 vulgus
1198 1473 1453 1521 nostratium
1475 1476 1592 1523 ruka
1608 1492 1830 1537 nuncupat
1857 1493 2005 1523 rerum
2035 1490 2400 1536 quarumcunque

187 1542 364 1590 struem.
388 1540 503 1601 Belg.
525 1539 644 1596 welz,
669 1540 730 1587 id.
756 1540 862 1587 rock
886 1539 992 1606 lzoys
1015 1540 1133 1601 apud
1153 1540 1388 1589 Hit-anum
1416 1540 1607 1588 est-meta
1625 1540 1746 1590 foeni.
1819 1540 2141 1603 Anglosaxones
2161 1541 2304 1590 break
2324 1541 2397 1593 ha÷

187 1609 337 1664 buere,
367 1623 415 1654 ut
434 1602 553 1668 apud
574 1605 841 1667 Benfimium
865 1608 907 1653 <Sc
932 1608 1198 1656 Somnerum
1215 1608 1362 1654 videre
1378 1609 1488 1657 licet,
1514 1609 1629 1654 unde
1653 1609 1787 1669 Angli
1816 1609 2036 1668 hodieque
2057 1608 2208 1654 dicunt
2226 1606 2399 1658 recl<,-&

188 1672 293 1724 rick
314 1671 373 1736 of
388 1689 518 1729 corn,
542 1673 742 1720 cumulus
762 1670 989 1722 frumenti.
1060 1675 1157 1719 Nec
1178 1674 1356 1730 dubito,
1391 1677 1499 1734 quin
1528 1676 1581 1721 ad
1609 1675 1790 1721 eandem
1815 1671 2031 1722 familiam
2059 1677 2271 1735 pertineat
2296 1676 2400 1719 Sue-

186 1741 358 1788 thicum
378 1755 498 1804 roge,
525 1739 647 1797 quod
669 1739 897 1785 cumulum
917 1737 1127 1785 mensurae
1150 1755 1288 1790 notat:
1312 1742 1426 1787 unde
1447 1742 1619 1805 ra'gadt
1637 1749 1757 1796 num,
1788 1738 1987 1786 mensura
2007 1741 2237 1788 cumulata.
2265 1742 2402 1785 Tem-

189 1823 342 1870 perare
363 1806 477 1851 mihi
503 1822 590 1850 non
610 1803 796 1865 poffum,
832 1807 939 1864 quin
956 1806 1091 1852 verbo
1109 1805 1206 1851 heic
1227 1822 1452 1863 moneam,
1487 1807 1866 1865 quemadmodum
1891 1808 2004 1861 inter
2021 1807 2217 1867 linguam
2237 1805 2405 1868 Scythi-

190 1890 285 1920 cam
307 1888 493 1917 veterem
513 1871 555 1916 ὃ(
575 1871 780 1916 Latialem
802 1871 955 1929 major,
983 1888 1116 1931 quam
1137 1888 1233 1930 quae
1261 1872 1392 1933 vulgo
1417 1873 1618 1929 creditur,
1638 1872 1868 1918 harmonia
1889 1873 1930 1917 ὅ(
1950 1870 2133 1918 affinitas
2157 1873 2403 1933 deprehen-

191 1939 332 1996 ditur,
368 1938 478 1984 mihi
505 1939 549 1982 in
577 1951 768 1982 mentem
796 1935 976 1991 venisse,
1011 1937 1141 1984 huius
1170 1938 1325 1983 radicis
1347 1937 1519 1999 vestigia
1542 1939 1658 1983 haud
1685 1936 1863 1984 obscura
1884 1937 1945 1984 ibi
1964 1939 2094 1983 etiarn
2114 1935 2401 1998 deprehendi.

189 2007 348 2070 Rogat
371 2006 505 2062 enim,
525 2004 646 2049 cuius
666 2002 863 2050 vocabuli
886 2005 1114 2065 propriam
1134 2001 1488 2064 significationem
1514 2004 1566 2050 V
1563 2007 1687 2073 offius
1705 2004 1781 2051 fibi
1805 2005 1999 2064 ignotam
2028 2002 2109 2049 esse
2127 2001 2309 2060 fatetur,
2341 2002 2405 2048 nil

194 2071 313 2118 aliud
339 2071 522 2132 proprie
545 2067 757 2115 denotass'e
778 2070 889 2115 mihi
908 2071 1106 2125 videtur,
1142 2086 1274 2130 quam
1303 2071 1527 2131 lignorum
1555 2069 1737 2129 struem,
1773 2071 1844 2117 cui
1872 2071 2099 2116 cremanda
2119 2085 2404 2117 mortuorum

193 2154 382 2199 corpora
402 2135 766 2196 imponebantur,
793 2136 834 2181 δι
855 2152 902 2181 ut
921 2135 976 2182 ab
996 2152 1148 2182 acervo
1171 2153 1419 2183 coacervare
1447 2134 1691 2184 formatum
1712 2135 1785 2193 est,
1806 2137 1864 2182 ita
1881 2138 2010 2182 etiam
2030 2153 2055 2183 a
2076 2152 2228 2202 rogus,
2251 2151 2404 2183 corro-

149 2210 152 2211 ’
187 2219 326 2270 gare,
364 2203 558 2261 dumque
589 2201 743 2250 Czcero
762 2200 934 2261 phrasin
954 2202 1066 2248 hanc
1094 2200 1296 2261 usurpat,
1328 2203 1551 2269 derogare
1577 2205 1770 2252 altcuius
1798 2200 2032 2258 laudibus,
2068 2204 2246 2255 eandem
2272 2216 2403 2247 meta-

191 2269 383 2331 phoram
415 2265 496 2313 esse
517 2265 644 2323 scito,
668 2284 715 2313 ae
742 2267 848 2313 dum
882 2267 996 2313 idem
1028 2269 1071 2313 in
1099 2266 1305 2328 Epistolis
1337 2269 1389 2315 ad
1414 2273 1613 2319 Atticum
1635 2272 1716 2327 ait,
1743 2268 1797 2317 de
1825 2267 2036 2317 laudibus
2059 2268 2311 2317 Dolabellae
2331 2265 2407 2315 de-

192 2351 328 2384 ruam
358 2335 595 2383 cumulum.
641 2334 858 2393 Intelliges
891 2335 946 2378 ita
975 2331 1121 2388 facile,
1150 2334 1255 2391 quid
1283 2339 1467 2395 proprie
1497 2334 1618 2400 spuet
1639 2350 1880 2398 arrogare,
1903 2334 1990 2379 hoc
2009 2332 2081 2390 est,
2112 2334 2163 2380 ad
2183 2331 2222 2379 se
2242 2350 2405 2394 pertra-

192 2401 310 2448 here.
383 2404 480 2461 Ego
504 2414 616 2446 certe
637 2416 725 2444 non
755 2399 896 2448 video,
918 2416 1003 2457 qua
1030 2398 1264 2445 commoda
1289 2402 1457 2445 ratione
1483 2401 1573 2446 haec
1603 2402 1754 2446 omnia
1782 2414 1807 2447 a
1835 2398 2036 2465 rogando
2057 2399 2211 2446 deduci
2233 2413 2404 2460 queant.

191 2467 274 2516 Sed
296 2482 344 2513 ut
363 2467 416 2512 ad
437 2463 632 2512 nostrum
655 2464 772 2513 rtkit
793 2482 817 2510 a
833 2463 952 2509 brevi
972 2463 1229 2510 diverticulo
1249 2464 1406 2511 iterum
1427 2466 1612 2523 redeam,
1631 2464 1796 2512 silentio
1818 2481 1906 2511 non
1923 2468 2270 2527 praetermittam,
2286 2464 2405 2513 raka

192 2536 238 2580 in
258 2533 539 2595 Sviogothica
561 2532 710 2591 lingua
729 2529 990 2576 vocabulum
1013 2527 1108 2584 esse,
1129 2527 1247 2588 quod
1272 2533 1455 2591 proprie
1474 2548 1639 2591 prunas
1663 2548 1895 2592 congerere
1917 2547 2050 2588 notat,
2081 2534 2151 2578 cui
2172 2531 2405 2594 respondet
2454 2546 2456 2548 ·

191 2602 417 2661 Belgicum
439 2594 687 2646 raeckelen:
722 2597 838 2642 unde
865 2596 982 2656 apud
1011 2596 1246 2643 Kilianum
1277 2595 1498 2647 meckelen
1531 2595 1602 2644 het
1629 2602 1746 2654 υἱον,
1776 2598 1978 2643 rutabulo
2007 2615 2215 2658 proruere
2246 2601 2405 2658 ignem,

196 2663 481 2730 roeckelstock‚
505 2662 772 2718 rutabulum,
807 2661 932 2723 Angl.
955 2660 1090 2709 rake:
1124 2678 1203 2707 nos
1225 2660 1439 2708 habemus
1458 2665 1588 2709 etiam
1609 2662 1858 2729 ztgtzxt‘akc),
1879 2663 2216 2711 instrumentum
2231 2702 2240 2717 ,
2269 2680 2361 2722 quo
2386 2679 2410 2708 e

196 2729 330 2778 furno
350 2733 526 2778 titiones
549 2730 591 2776 ὅ(
612 2745 773 2790 prunas
803 2742 982 2788 egerunt
1009 2726 1207 2787 pistores.
1275 2726 1626 2789 Anglosaxonice
1647 2728 1889 2792 fer-rece,
1921 2731 2119 2776 batillum
2139 2730 2257 2790 apud
2280 2731 2405 2776 Som-

197 2812 376 2852 nerum,
403 2799 448 2842 in
469 2798 755 2845 Diflionam‘o
775 2791 1162 2858 Anghfizxvnaem
1194 2809 1271 2839 nec
1307 2811 1394 2840 non
1422 2792 1672 2858 osen-raka
1701 2798 1744 2841 in
1770 2794 1907 2859 Gtoſj.
1930 2795 2126 2857 Acts-'rici
2173 2795 2239 2844 Τιι
2267 2797 2323 2844 Β.
2347 2799 2402 2845 L.
2466 2848 2469 2851 Α

197 2877 351 2909 utrum
370 2861 472 2909 libet
488 2863 669 2925 adopta,
696 2859 771 2909 sua
789 2877 892 2910 vero
919 2858 1048 2908 rastra
1066 2859 1287 2910 Knittelio
1305 2862 1489 2923 remitte,
1511 2864 1680 2925 quippe
1709 2879 1805 2923 quae
1830 2863 1959 2910 nullis
1978 2860 2163 2909 fidiculis
2183 2862 2271 2924 huc
2289 2862 2403 2910 trabi

197 2927 390 2992 poliunt,
1855 2925 1859 2928 “
2236 2959 2248 2973 ,⁴

2264 2997 2402 3062 Qiod
