2473 3380
167 180 258 237 138
329 165 795 221 DISSERTATIO
829 164 933 215 DE
971 157 1393 214 ORIGINIBUS
1427 158 1484 208 L.
1519 157 1800 211 LATINAE
1834 155 1935 208 ET
1959 154 2243 218 GRAECAE

164 284 362 338 dulitati‚
395 278 627 345 hypothesi
647 276 729 326 suae
757 274 1054 328 inservientes,
1090 269 1315 332 affignentz
1350 271 1522 316 veniam
1553 284 1673 318 tuam
1697 268 1913 333 paciscor,
1947 268 1978 316 fi
1998 271 2127 317 hacce
2147 265 2375 323 occasione,

167 351 210 399 ὅ(
232 350 341 396 dum
365 350 409 394 in
429 364 586 408 campo
606 345 847 406 Ulphilano
870 339 1012 385 adhuc
1032 335 1201 391 versor,
1231 336 1360 381 telam
1377 336 1488 381 hanc
1506 337 1684 383 ulterius
1705 353 1941 398 pertexam.

177 461 182 468 ‚
369 418 481 460 Non
512 429 658 459 autem
687 412 773 469 jam
808 421 1071 466 repetemus,
1107 420 1201 463 quae
1241 402 1294 447 de
1326 399 1462 448 caussa
1500 402 1631 448 huius
1661 403 1903 450 harmoniae
1933 417 2053 449 antea
2088 399 2376 456 disseruimus,

174 483 340 544 quippe
366 497 497 541 quam
518 480 645 524 aliam
666 474 744 520 esse
765 490 854 518 non
871 468 1016 532 posse,
1051 470 1263 523 diximus,
1297 485 1428 528 quam
1449 468 1569 527 quod
1590 485 1638 514 ex
1658 468 1813 515 eodem
1844 466 1965 515 fonte
1984 468 2188 532 Scythico
2208 466 2381 528 fingulae

170 541 500 611 Pullulaverint:
537 544 581 588 id
613 540 732 601 quod
760 544 812 585 eo
844 537 989 584 minus
1015 538 1183 583 mirum
1210 537 1419 594 cuiquam
1450 535 1657 581 obvenire
1678 534 1825 591 debet,
1852 536 1970 595 quod
1991 534 2168 581 indubia
2189 531 2387 592 historia-

162 608 269 662 rum
294 612 377 658 fide
400 609 575 665 constat,
609 606 788 670 Scythas
810 603 1000 650 Hellada
1017 601 1209 657 tenuisse,
1241 617 1472 660 antequam
1496 601 1638 647 Graeci
1658 617 1711 646 eo
1732 618 1926 660 unquam
1946 603 2162 648 venerint:
2186 600 2240 655 ἃ,
2264 599 2387 658 quod

170 681 224 727 ad
241 683 465 724 Romanos
488 677 649 729 attinet,
680 671 709 719 fi
731 673 865 718 veteri
884 668 1091 716 Historiae
1115 667 1221 714 fides
1240 667 1460 723 habeatur,
1480 668 1664 714 relatum
1682 667 1882 727 legimus,
1912 668 2146 713 colluviem
2168 666 2394 711 undecun-

171 763 254 807 que
276 743 597 790 adventantium
619 737 846 801 hospitum
869 738 1016 798 prima
1035 734 1173 782 iecisse
1191 734 1313 781 urbis
1339 734 1529 781 dominae
1547 731 1852 790 fundamenta,
1881 747 2008 792 atque
2036 733 2142 779 adeo
2163 730 2390 778 verifimile

173 809 268 867 effe,
292 812 336 855 in
358 810 439 856 hac
458 807 601 862 turba,
623 824 710 852 non
733 803 872 851 solum
894 802 1056 849 multos
1075 799 1198 848 fuisse
1211 800 1384 847 Gallicae
1403 802 1583 862 originis
1605 800 1821 856 homines,
1835 796 1907 845 sed
1926 801 2052 845 etiam
2073 799 2250 845 eosdem
2272 794 2391 843 haud

175 877 307 925 dubie
339 873 406 922 sui
434 872 646 921 sermonis
680 872 929 934 plurimum
961 871 1111 915 ceteris
1143 865 1435 929 impertivisse‚
1505 867 1675 912 Scilicet
1702 866 1822 912 Galli
1851 881 1965 911 trans
1985 865 2125 926 Alpes
2153 862 2270 910 sedes
2296 860 2390 908 suas

174 943 385 997 fixerunt,
422 941 552 1000 idque
582 942 663 996 ita,
693 953 741 984 ut
768 936 846 983 suo
875 952 979 983 cum
1001 935 1162 981 damno
1182 932 1290 995 saepe
1310 935 1473 994 experti
1492 928 1656 979 fuerint
1675 933 1887 988 Romani,
1922 933 2108 976 nimium
2131 947 2204 976 eos
2225 930 2393 975 vicinos

172 1007 330 1058 fuisset
359 1024 585 1067 quumque
608 1006 814 1051 continua
843 1001 944 1048 belli
977 1003 1184 1062 pacisque
1216 1001 1479 1046 commercia
1503 997 1628 1045 hasce
1655 1014 1802 1061 gentes
1828 1001 1938 1044 inter
1958 996 1997 1042 se
2020 995 2269 1052 miscerent,
2301 993 2395 1040 fieri

178 1093 268 1123 non
297 1076 464 1136 potuit,
500 1074 606 1132 quin
635 1072 864 1128 utriusque
893 1069 1054 1129 populi
1085 1066 1227 1113 sermo
1257 1068 1465 1126 utrinque
1492 1066 1661 1125 aliquid
1684 1065 2001 1126 peregrinitatis
2023 1063 2208 1112 traxerit.
2278 1060 2399 1107 Galli

178 1159 310 1199 vero,
345 1142 411 1186 uti
440 1139 699 1201 Scytharum
730 1151 934 1196 propago
964 1149 1104 1183 erant:
1138 1135 1196 1178 ita
1225 1130 1365 1178 sermo
1396 1149 1551 1178 eorum
1577 1149 1600 1178 a
1621 1133 1816 1178 Gothico
1836 1132 2188 1188 Germanicoque
2208 1127 2399 1174 multum

177 1225 268 1255 non
297 1204 497 1252 distabat:
533 1203 586 1249 ad
610 1202 731 1261 quod
751 1199 1059 1261 probandum,
1091 1196 1272 1258 defungi
1299 1196 1475 1257 possum
1508 1196 1758 1244 testimonio
1805 1197 1854 1245 T.
1879 1199 2028 1251 Livii,
2067 1198 2145 1253 qui
2165 1194 2395 1240 Patavinus

181 1289 291 1329 erat,
325 1286 454 1331 atque
473 1270 580 1315 adeo
607 1268 783 1320 Gallus,
818 1281 891 1311 aut
919 1262 1067 1310 saltem
1098 1267 1143 1310 in
1162 1264 1331 1309 Gallica
1358 1263 1538 1323 regione
1558 1279 1701 1319 natus,
1731 1263 1772 1309 ἃ
1799 1263 1988 1323 proinde
2013 1279 2101 1307 nnn
2124 1262 2272 1321 potuit
2295 1275 2399 1316 non,

182 1341 388 1387 omnium
408 1337 580 1397 optime
598 1335 827 1392 antiquum
855 1328 940 1376 suae
966 1333 1115 1392 patriae
1143 1328 1388 1376 sermonem
1418 1326 1697 1390 perspef’tum
1720 1328 1893 1376 habere.
1965 1328 2042 1374 Ille
2064 1341 2163 1372 vero
2183 1326 2402 1371 Gallicam

183 1409 234 1452 L.
243 1402 665 1469 stmigermanicam
686 1413 829 1454 vocat,
859 1396 934 1446 lib,
953 1399 1070 1446 xxi.
1092 1413 1184 1457 cap.
1212 1403 1289 1454 38.
1309 1395 1350 1441 ὅ(
1371 1410 1492 1441 antea
1512 1412 1603 1456 cap.
1626 1407 1700 1453 32.
1723 1394 1944 1450 docuerat,
1966 1397 2150 1454 Legatos
2173 1393 2400 1446 Boiorum,

184 1470 384 1519 sermone
403 1486 490 1514 non
513 1468 700 1513 multum
722 1462 997 1511 adhorruisse
1018 1480 1040 1509 a
1063 1463 1204 1509 Gallis
1228 1462 1361 1522 Alpes
1382 1461 1688 1516 incolentibus.
1749 1458 2032 1506 Consentiunt
2047 1459 2130 1516 his,
2158 1474 2253 1517 quae
2272 1457 2401 1503 tradit

187 1536 382 1592 Strabo,
414 1533 492 1582 111).
513 1536 611 1582 VH.
639 1550 686 1594 p.
711 1548 774 1578 m·
796 1545 907 1580 211.
939 1534 1118 1591 Γεςμοινᾶι,
1146 1529 1302 1587 inquit,
1338 1532 1456 1587 μικςέν
1483 1528 1750 1584 siamus-troitus
1777 1535 1822 1572 τῖἶ
1841 1535 1993 1574 Kalama}
2017 1534 2123 1582 φύλα.
2193 1527 2302 1569 Non
2325 1524 2398 1568 ita·

188 1621 274 1665 que
296 1603 433 1663 magis
455 1600 637 1659 mirum,
667 1597 697 1645 {i
719 1597 905 1643 Romani
925 1594 1089 1655 aliquid
1113 1595 1157 1640 in
1184 1592 1261 1640 suo
1281 1591 1478 1639 sermone
1498 1592 1565 1637 vel
1583 1590 1635 1636 ab
1657 1592 1783 1636 initio
1803 1606 2037 1636 commune
2058 1590 2302 1645 habuerint,
2330 1587 2402 1634 vel

189 1670 245 1717 ab
269 1669 422 1716 iisdem
442 1665 832 1720 commodaverint,
863 1679 993 1721 quam
1015 1661 1045 1707 {i
1064 1662 1109 1705 in
1129 1659 1326 1709 sermone
1347 1658 1521 1720 Belgico
1541 1658 1658 1704 varia
1678 1657 1894 1719 reperias,
1927 1672 2023 1716 quae
2042 1674 2089 1702 ex
2109 1654 2400 1705 Alemannico

185 1734 401 1795 loquendi
421 1750 574 1794 genere
590 1731 818 1793 depromta
834 1728 970 1775 videri
993 1742 1163 1788 queant.

1226 1795 1261 1851 §.
1300 1806 1349 1841 2.

392 1862 634 1928 Supersunt
650 1861 871 1922 hodieque
894 1863 939 1908 in
957 1861 1104 1922 lingua
1124 1858 1360 1908 Armorica
1388 1874 1466 1903 nee
1486 1873 1574 1903 non
1594 1855 1834 1912 Cambrica,
1852 1857 2006 1902 veteris
2026 1853 2264 1903 Celticismi
2281 1853 2402 1901 haud

193 1933 424 1983 inficianda
441 1930 640 1992 vestigia:
675 1946 720 1975 ea
747 1946 850 1975 vero
879 1928 956 1974 ubi
988 1929 1187 1973 attentius
1208 1924 1453 1978 confidet-0,
1488 1939 1616 1982 atque
1643 1939 1744 1969 cum
1767 1925 1897 1968 veteri
1918 1923 2063 1982 lingua
2082 1921 2403 1982 Mcesogothica

193 2003 238 2052 ,δι
258 2000 463 2048 Islandica
482 1994 678 2053 confero,
713 1996 925 2041 maiorem
948 2010 1060 2040 certe
1080 1991 1328 2038 affinitatem
1352 1990 1645 2052 deprehendo,
1681 2006 1811 2049 quam
1839 2005 1933 2047 quae
1954 1989 2087 2048 vulgo
2110 1986 2404 2034 existimetur:

195 2069 262 2115 uti
283 2067 378 2113 data
398 2082 533 2126 opera
554 2061 786 2122 aliquando
807 2058 1173 2111 commonstrabo,
1216 2057 1480 2104 Meditatum
1501 2054 1638 2102 {imile
1661 2055 1766 2114 quid
1788 2053 1993 2100 illustrem
2018 2051 2206 2102 Stiernh
2226 2054 2406 2101 elmium

196 2132 420 2189 nostrum,
452 2131 605 2177 videor
632 2128 742 2174 mihi
775 2127 1113 2173 animadvertere
1149 2143 1195 2170 ex
1226 2121 1532 2184 manuscriptis
1561 2123 1651 2168 eius
1681 2119 2051 2167 observationibus
2072 2122 2123 2167 ad
2146 2117 2408 2169 Boxhornii

201 2202 416 2265 Origines
439 2197 670 2250 Gallicas,
699 2210 804 2253 quas
825 2191 960 2239 servat
977 2192 1241 2238 bibliotheca
1260 2188 1401 2236 nostra
1421 2188 1612 2250 publica,
1649 2205 1831 2247 quaeque
1855 2204 1944 2233 non
1964 2188 2231 2235 mediocrem
2251 2186 2406 2232 'veteri-

197 2265 279 2313 bus
299 2266 457 2325 linguis
479 2263 621 2309 lucem
643 2257 843 2305 foenerari
865 2273 1085 2320 poterunt,
1119 2272 1272 2319 utpote
1296 2273 1390 2317 quae
1412 2252 1641 2301 certissimo
1668 2255 1932 2300 documento
1955 2252 2212 2299 confirmant
2230 2270 2289 2309 ea,
2308 2267 2406 2311 quae

196 2332 468 2379 tradiderunt
494 2326 691 2375 auffiores
720 2343 741 2371 a
770 2343 841 2372 me
873 2325 959 2386 jam
989 2325 1168 2371 laudati.
1237 2325 1359 2370 Dum
1388 2337 1530 2367 aurem
1562 2318 1814 2366 consensum
1838 2321 1991 2364 veteris
2011 2322 2057 2367 L.
2080 2319 2254 2363 Gallicae
2276 2334 2406 2377 atque

200 2399 470 2445 Germanicae
488 2395 668 2454 loquor,
702 2390 839 2452 probe
862 2390 1096 2436 tenendum
1117 2388 1188 2446 est,
1223 2405 1293 2434 me
1311 2405 1401 2434 non
1423 2387 1474 2432 de
1493 2383 1705 2443 sermone,
1741 2385 1879 2443 qualis
1904 2385 1990 2446 jam
2013 2386 2056 2430 in
2076 2401 2151 2429 ore
2170 2385 2406 2430 hominum

200 2462 273 2521 est,
299 2464 437 2523 loqui,
471 2459 543 2508 sed
562 2459 613 2506 de
631 2459 812 2516 antiquo
831 2457 904 2502 illo
925 2456 966 2501 &
987 2457 1264 2500 intemerato:
1300 2469 1390 2513 quo
1412 2453 1528 2497 enim
1547 2451 1720 2511 longius
1750 2467 1771 2495 a
1792 2449 1986 2511 praesenti
2012 2450 2216 2509 loquendi
2237 2452 2405 2495 ratione

199 2528 437 2587 recesseris,
472 2545 525 2574 eo
553 2525 740 2587 propius
770 2522 940 2568 accedes
971 2521 1023 2566 ad
1044 2520 1150 2565 illud
1173 2520 1393 2575 medium,
1429 2516 1552 2577 quod
1574 2531 1805 2576 utramque
1824 2516 2019 2577 linguam
2040 2516 2238 2578 iungit&
2259 2513 2406 2563 conso·

199 2598 297 2645 ciat.
365 2595 448 2642 Sed
477 2593 529 2640 de
548 2592 618 2638 his
638 2590 761 2636 alias:
797 2604 914 2634 nunc
938 2587 991 2634 ad
1011 2583 1351 2646 Moesogothica.

401 2723 536 2787 Apud
565 2723 736 2789 Festum
763 2732 1080 2768 commemorat
1107 2717 1318 2773 Paullus,
1347 2713 1575 2764 vidvertas
1602 2716 1646 2760 in
1664 2715 1795 2762 veteri
1822 2716 1926 2762 latio
1947 2714 2231 2761 calamitatem
2253 2710 2407 2773 signifi·

204 2791 324 2842 casse.
391 2793 484 2839 Ubi
514 2793 560 2837 in
586 2805 740 2837 vocem
772 2788 882 2834 hanc
903 2787 1099 2848 primum
1120 2784 1277 2839 incidi,
1311 2781 1452 2829 statim
1480 2782 1590 2828 mihi
1618 2779 1757 2827 visum
1786 2781 1866 2840 est,
1900 2780 2064 2841 aliquid
2094 2779 2310 2841 peregrini
2342 2779 2407 2826 illi

204 2856 356 2914 inesse,
390 2859 432 2905 δε
456 2875 481 2904 a
508 2853 749 2903 Latinismo
775 2854 977 2900 alienius:
1013 2848 1226 2909 subiitque
1245 2848 1393 2906 simul,
1427 2846 1519 2895 fieri
1542 2866 1630 2894 non
1651 2846 1786 2910 posse,
1823 2849 1930 2908 quin
1952 2846 2114 2893 Gallica
2135 2844 2224 2890 haec
2243 2862 2325 2890 vox
2344 2843 2406 2902 sit,

204 2924 249 2973 ἃ
275 2940 299 2972 a
327 2923 496 2986 Scythis
525 2921 733 2980 oriunda,
768 2921 934 2982 quippe
963 2916 1082 2979 apud
1106 2933 1217 2976 quos
1237 2913 1462 2963 certissima
1483 2915 1600 2963 illius
1621 2912 1794 2977 vestigia
1817 2909 2112 2976 reperiuntur.
2183 2913 2293 2959 Rem
2314 2925 2361 2958 ut
2382 2927 2407 2956 a

2209 2995 2213 2997 ·
2258 2992 2406 3039 prima
