2473 3380
706 144 1643 206 ANNOTATIONES.
2175 172 2270 218 ¹¹9

199 277 204 282 ·
264 261 314 329 y)
350 258 488 315 Mad,
522 256 677 308 escam·
731 263 867 308 Error
886 260 1168 310 amanuensis.
1225 265 1334 310 Non
1352 265 1468 311 enim
1488 265 1700 312 alternant
1725 262 1760 313 d
1774 263 1882 323 &'t,
1913 281 1962 314 ut
1980 265 2105 331 supra
2124 271 2269 317 moni-

70 344 166 378 tum
187 327 268 376 est:
306 325 505 373 scribitur
529 328 633 372 vero
652 326 891 374 constanter
909 330 953 389 in
973 329 1123 376 codice
1142 328 1368 391 Argenteo
1385 344 1495 389 mat,
1529 334 1595 378 uti
1617 332 1745 378 etiam
1765 332 1860 380 heic
1882 335 1924 378 in
1946 332 2238 393 sequentibus.

65 427 67 429 v
263 395 310 455 z)
349 390 584 457 Dragket',
617 409 745 454 pota,
778 411 939 455 potum
959 396 1034 450 da,
1068 412 1090 442 a
1110 395 1357 461 dragkiam
1392 397 1512 457 quod
1538 398 1666 445 habet
1684 399 1819 446 codex
1841 405 2097 460 Argenteus,
2117 418 2267 451 ortum

59 476 85 506 a
103 457 319 526 drigkan,
351 459 513 506 bibere.
583 462 914 520 Apponendum
933 459 993 508 est
1010 461 1096 508 hoc
1115 462 1295 509 verbum
1316 463 1416 518 illis,
1451 480 1546 525 quae
1566 462 1800 527 Hickefius
1826 467 1870 512 in
1905 465 1994 516 Gr.
2014 465 2269 533 Anglqfizx.

61 528 171 587 Cap.
190 529 263 573 XI.
291 527 332 590 §.
359 530 432 574 16.
453 541 477 570 a
499 522 768 586 simplicibus
796 543 890 574 orta
922 529 1016 573 vim
1043 525 1200 573 habere
1225 530 1285 573 ait
1305 531 1604 591 coniugationi
1625 530 1883 579 Ebraeorum
1904 530 2069 594 Hiphil
2092 532 2270 596 respon-

58 590 251 642 dentem.
321 596 425 639 Hoc
450 592 494 636 in
516 608 700 639 numero
727 591 807 639 esse
828 592 957 641 docet
971 590 1149 656 fahan,
1181 594 1344 654 gaudio
1364 594 1552 653 afficere,
1580 615 1602 644 a
1610 595 1835 663 faginon,
1869 601 2066 660 gaudere.
2141 600 2268 648 Adde

55 658 246 724 lagjan,
280 676 468 722 ponere,
498 675 524 704 a
543 658 682 724 ligan,
713 661 867 708 iacere,
885 656 1068 721 stztjan,
1089 675 1267 718 ponere,
1295 677 1319 706 a
1322 661 1467 724 sitan,
1492 660 1648 715 sedere.
1683 664 1938 729 urraisjan,
1970 664 2182 722 suscitare,
2212 666 2266 714 ab

54 725 287 789 urreg‘fim,
317 724 503 785 surgere,
535 725 785 784 urranian,
821 725 1051 790 extollere,
1085 721 1228 771 facere
1264 740 1313 771 ut
1342 727 1525 776 oriatur.
1568 730 1729 778 Matth.
1754 747 1793 791 5,
1822 747 1902 792 45.
1936 732 1990 779 ab
2021 737 2287 795 urrinnan,N

52 793 176 838 oriri.
206 792 516 859 gadrausjan,
550 792 836 852 praecipitare,
871 787 1179 857 agadrjufim,
1211 792 1375 847 cadere.
1405 792 1656 858 gakwjan,
1684 811 1841 844 notum
1861 795 2015 856 facere,
2048 817 2069 846 a
2086 800 2267 866 gakun·

51 871 160 919 nan,
194 857 465 920 cognoscere.
499 857 737 923 ganasjan,
770 853 942 914 salvare,
973 874 997 903 a
1016 854 1227 923 ganfim,
1263 855 1430 905 salvum
1450 858 1556 905 fieri.
1585 863 1848 926 gawagjan,
1881 866 2107 923 concitare,
2141 883 2166 912 a
2185 869 2266 914 wi-

45 934 156 988 gan,
191 941 385 973 movere.
417 922 743 990 gastangjan‚
767 938 1006 982 percutere,
1033 941 1055 971 a
1071 927 1350 989 gastingan
1371 927 1556 986 percuti,
1583 925 1823 983 offendere,
1850 927 2114 992 inbranjan‚
2144 948 2264 978 com,

49 990 221 1048 burere,
250 1009 274 1038 a
299 988 522 1048 brinnan‚
558 988 722 1034 ardere.
760 988 960 1052 kajan,
981 990 1161 1036 excitare
1181 988 1402 1047 ersomno,
1438 1009 1462 1038 a
1481 988 1628 1040 vakan
1655 994 1847 1054 vigilare.
1916 993 2164 1056 Suspicatus
2183 995 2267 1054 fui,

47 1055 136 1103 huc
151 1074 329 1117 quoque
344 1057 440 1117 jure
458 1055 536 1101 suo
555 1050 833 1101 referendum
855 1053 936 1102 effe
954 1054 1061 1102 illud
1073 1055 1383 1122 gamaudeitlz,
1404 1059 1527 1118 quod
1547 1062 1591 1104 in
1610 1059 1709 1109 cod.
1730 1076 1948 1120 argenteo,
1967 1062 2073 1124 Joh.
2091 1078 2165 1124 14,
2187 1070 2269 1113 26.

49 1125 262 1184 occurrit,
305 1124 550 1183 exprimens
586 1135 773 1181 graecum
806 1127 1020 1181 όπομνέση,
1058 1123 1137 1170 ubi
1163 1121 1200 1170 d
1223 1140 1308 1185 pro
1330 1140 1359 1171 n
1384 1141 1532 1171 errore
1560 1126 1826 1173 amanuensis
1865 1127 2058 1188 positum
2084 1129 2268 1188 credidi,

49 1187 159 1234 adeo
182 1204 230 1234 ut
243 1185 540 1253 gamauneitk
559 1184 718 1233 restius
739 1187 966 1247 legeretur,
995 1205 1018 1234 a
1034 1204 1290 1254 gamunan,
1309 1190 1570 1240 meminisse.
1629 1193 1712 1240 Sed
1733 1193 1818 1240 hoc
1839 1196 2006 1240 nemini
2028 1195 2265 1242 obtrudere

47 1253 196 1304 velim.
263 1257 442 1301 Servant
461 1252 678 1317 ejusmodi
696 1253 848 1308 verba,
883 1271 980 1313 quae
1007 1253 1164 1305 fafflva
1181 1256 1402 1318 appellare
1423 1254 1529 1305 solet
1551 1258 1853 1319 Wachterus,
1886 1260 2007 1307 haud
2025 1278 2165 1324 pauca
2182 1262 2263 1308 lin·

45 1335 142 1382 guae
160 1320 293 1368 hodie
313 1322 520 1382 vigenreS,
539 1319 749 1376 Svcthica,
768 1321 1042 1379 Germanica,
1069 1323 1253 1384 Belgica,
1272 1322 1354 1371 &a
1377 1320 1422 1386 *)

155 1407 261 1465 ¹aa)
295 1406 483 1464 Hauria
505 1404 566 1451 vel
585 1402 722 1452 hauri
742 1420 933 1464 prunam
952 1404 1019 1450 vel
1038 1421 1284 1466 prunarum
1307 1407 1557 1466 congeriem
1579 1422 1713 1459 notat.
1779 1412 1884 1457 Hoc
1902 1408 2023 1457 sensu
2045 1411 2090 1457 in
2111 1411 2261 1458 codice

44 1487 249 1533 argenteo
269 1473 460 1519 occurrit
480 1470 588 1533 Joh.
614 1486 631 1517 1
645 1477 699 1525 8,
729 1478 801 1525 ¹8·
823 1471 898 1516 ubi
922 1468 1090 1534 haurja
1111 1470 1464 1535 waurkjandans
1483 1490 1605 1521 notat
1625 1477 1772 1535 ignem
1793 1473 2052 1535 suscitantes,
2085 1477 2153 1523 vel
2174 1494 2263 1525 car-

42 1537 234 1584 bonibus
253 1539 401 1599 ignem
427 1534 718 1584 subiicientesss
750 1537 951 1596 ’Ἀνθςοικες
971 1536 1014 1584 ὅ(
1032 1545 1204 1600 dusgm‘oe
1233 1540 1288 1585 ita
1308 1553 1474 1586 tantum
1497 1539 1722 1598 differunt,
1745 1542 1920 1589 utillud
1941 1560 2103 1604 prunas
2124 1543 2259 1592 deno·

40 1616 123 1660 tet,
157 1603 242 1651 hoc
261 1620 506 1665 prunarum
529 1604 797 1664 congeriem.
867 1604 979 1649 Non
1009 1605 1151 1663 itaque
1171 1620 1286 1666 opus
1303 1603 1377 1664 est,
1410 1607 1644 1654 variantem
1667 1606 1901 1655 leffionem
1920 1609 2017 1657 heic
2037 1608 2258 1671 effingere.

39 1670 174 1734 Quod
195 1668 362 1735 haurja
382 1672 690 1731 cognationem
711 1669 866 1716 habeat
884 1685 984 1716 curn
1005 1668 1244 1731 Anglosax.
1278 1670 1448 1720 beortk.
1481 1673 1557 1723 Al.
1574 1672 1726 1723 lzerth.
1762 1676 1917 1723 Germ.
1937 1673 2053 1723 herd
2068 1676 2110 1722 ὅτ
2127 1677 2258 1737 Angl.

39 1733 221 1793 hearth,
251 1738 457 1784 creditur.
525 1736 607 1782 Sed
635 1734 708 1793 th,
739 1734 860 1796 quod
889 1736 998 1783 adeo
1026 1735 1212 1783 studiose
1240 1734 1406 1785 servant
1427 1755 1574 1787 ceterae
1595 1739 1788 1799 dialeffi,
1822 1758 1892 1787 me
1910 1743 2147 1803 ancipitem
2166 1743 2260 1788 retl-

39 1802 167 1852 dunt.
237 1806 394 1867 Qtum
415 1801 444 1851 Ιι
463 1802 506 1849 81
524 1800 553 1850 k
574 1803 706 1849 literae
722 1802 802 1849 sint
818 1818 910 1862 prae
925 1803 1108 1864 reliquis
1135 1804 1415 1862 alternantes,
1448 1802 1636 1866 fuerint,
1672 1810 1749 1869 qui
1778 1806 1974 1855 nostrum
2003 1805 2171 1873 haurJa
2201 1808 2258 1858 ab

37 1868 146 1918 Ebr.
173 1879 277 1926 mn,
293 1869 410 1926 arsit,
435 1869 641 1925 accendit,
661 1886 750 1917 non
770 1871 1056 1917 incommode
1078 1870 1247 1929 deduci,
1276 1887 1440 1934 putent.

243 1953 320 2016 bh)
356 1951 511 2011 leikis,
545 1954 834 2002 coacervabis.
905 1957 966 2001 Ita
988 1956 1104 2003 enim
1130 1956 1381 2004 vertendam
1400 1955 1485 2004 effe
1507 1975 1685 2018 vocem,
1711 1960 1756 2006 in
1775 1959 1925 2007 codice
1944 1975 2146 2021 argenteo
2169 1978 2259 2010 non

38 2037 364 2078 occurrentem,
398 2017 679 2067 manifestum
700 2021 844 2068 reddit
863 2021 1037 2069 collatio
1059 2039 1159 2069 cum
1179 2039 1294 2071 textu
1313 2041 1453 2086 graeco
1468 2062 1478 2082 ,
1510 2025 1588 2071 ubi
1618 2032 1780 2087 σωςεόσει
1807 2029 2038 2088 teperitur,
2073 2021 2258 2077 Knitte-

34 2088 150 2144 lius,
181 2090 259 2147 qui
286 2087 450 2146 ubique
480 2086 600 2132 exilis
630 2086 710 2141 est,
750 2088 846 2134 heic
865 2087 951 2136 loci
978 2090 1156 2150 penitus
1180 2092 1319 2138 aliena
1339 2090 1462 2152 loqui
1483 2090 1864 2141 videturz'scilicet
1884 2091 2025 2141 nescio
2045 2094 2133 2152 illi,
2164 2111 2256 2154 quo

36 2152 237 2200 nostrum
260 2151 376 2201 rikis
394 2149 558 2198 referre
577 2152 767 2210 deberet,
784 2151 937 2209 subiit,
969 2154 1125 2204 rechen
1151 2158 1197 2202 in
1226 2159 1274 2204 L.
1295 2158 1559 2204 Germanica
1584 2156 1772 2204 rastrum
1793 2158 2022 2210 denotare:
2057 2161 2173 2206 unde
2191 2160 2256 2208 ul-

35 2221 188 2266 teriori
209 2221 403 2266 examine
420 2233 534 2278 opus
550 2234 640 2264 non
661 2217 756 2275 effe,
776 2234 911 2275 ratuS,
931 2218 1142 2268 rusticum
1160 2222 1247 2268 hoc
1279 2220 1636 2278 instrumentum,
1666 2224 1804 2269 invito
1831 2224 1873 2270 a&
1894 2228 2092 2285 ringente
2108 2225 2255 2287 Apol-

34 2285 145 2341 line,
175 2283 382 2331 struendo
414 2281 518 2330 foco
545 2284 778 2346 adaptavit,
847 2286 981 2333 Dedit
1013 2286 1116 2334 huic
1137 2290 1305 2344 errori,
1331 2290 1377 2333 ni
1396 2285 1545 2344 fallor,
1569 2287 1676 2334 alter
1694 2304 1818 2335 error
1835 2289 2121 2340 occasionem.
2189 2295 2255 2339 Ut

35 2368 193 2413 nempe
214 2349 399 2398 rastrum
419 2348 543 2396 suum
564 2365 770 2409 tueretur,
797 2368 881 2412 pro
917 2354 1116 2413 ἐνθςωκοις,
1135 2361 1332 2413 dragma„
1352 2352 1495 2416 legisse
1517 2354 1722 2401 Gothum
1739 2353 1964 2412 existimat,
1982 2373 2122 2417 quum
2144 2357 2251 2404 huie

33 2419 133 2464 voci
153 2417 257 2480 Joh.
273 2426 346 2475 18,
370 2425 448 2472 18.
484 2416 731 2464 Gothicum
753 2415 925 2482 hattrja
947 2415 1231 2479 respondeat:
1265 2426 1428 2480 drsgaem'
1494 2437 1599 2467 vero
1626 2421 1672 2466 in
1701 2418 1882 2468 historia
1900 2423 2157 2485 Evangelica
2181 2421 2249 2472 fo-

34 2500 137 2531 cum
164 2485 355 2530 converti
385 2484 561 2544 videnS,
602 2484 788 2532 credidit
812 2500 954 2548 graeeo
983 2483 1061 2531 illo
1086 2483 1302 2532 vocabulo
1329 2485 1480 2533 locum
1516 2487 1721 2548 intelligi,
1755 2487 1838 2535 ubi
1861 2490 1975 2549 ignis
2003 2490 2252 2537 accenditur

31 2550 75 2598 ἅ
101 2550 245 2606 ardet,
275 2551 430 2598 Germ.
457 2548 586 2598 herd.
655 2553 739 2599 Sed
764 2554 843 2612 qui
866 2549 1028 2612 linguae
1055 2567 1204 2613 graecae
1232 2548 1466 2612 scriptores
1492 2554 1558 2600 vel
1587 2571 1611 2600 a
1636 2554 1790 2615 primo
1823 2554 1974 2604 limine
2000 2553 2250 2612 salutarunt,

32 2631 198 2663 norunt
222 2617 388 2676 utique,
423 2622 619 2675 inagna-‘m
638 2619 700 2666 nil
721 2615 845 2665 aliud
857 2618 956 2664 heic
973 2615 1067 2673 effe,
1106 2633 1240 2677 quam
1261 2622 1511 2679 congeriem
1533 2636 1782 2681 prunarum
1802 2619 1882 2681 Μ),
1909 2623 1973 2667 uti
1994 2622 2101 2668 dum
2123 2623 2248 2684 apud

32 2683 285 2733 Homerum
304 2683 491 2744 legimus
516 2691 710 2745 a'rsgomn‘n»
737 2688 908 2746 τοςέσ-ιις,
941 2679 1097 2731 focum
1117 2681 1355 2742 exstruens,
1389 2684 1478 2733 hoc
1505 2685 1564 2734 est
1590 2704 1758 2749 prunas
1782 2703 2033 2749 congerens,
2100 2691 2250 2752 Qem

55 2860 63 2863 Α
83 2863 127 2916 *)
155 2863 270 2910 Alias,
299 2860 367 2901 ubi
384 2859 508 2900 sensus
526 2859 738 2900 istiusmodi
756 2861 868 2901 verba
885 2862 1057 2914 requirit,
1084 2862 1426 2906 circumlocutione
1443 2863 1567 2904 utitur
1592 2860 1748 2914 Ulphilas
1769 2875 1839 2915 pet·
1858 2861 2248 2923 vei-ba‘gawamkjcm²

131 2918 326 2970 gataujan,
355 2912 503 2966 briggan
540 2913 694 2956 vauc.
712 2925 749 2964 9,
770 2925 828 2962 14.
856 2926 912 2960 ις.
940 2915 1030 2967 Joh.
1053 2921 1087 2960 8,
1120 2916 1180 2961 36.
1519 2933 1522 2935 “

82 2969 151 3022 **)
180 2969 353 3011 fotianus
368 2967 468 3009 reste
486 2968 597 3009 vertit
612 2971 649 3008 zi
666 2967 745 3007 ther
758 2965 893 3021 gluoti,
921 2968 968 3008 ad
985 2978 1138 3022 prunas.
