2473 3380
110 166 180 214 66
316 155 695 213 WACHTERI
724 158 1040 216 DISSERT:
1084 162 1190 214 DE
1224 162 1502 224 LINGUA
1536 164 1689 219 COD.
1729 167 2119 224 ARGENTEI.

111 271 342 338 Siponeis‚
379 269 641 334 discipulus.
1256 274 1553 342 Tuzwerjan,
1585 278 1788 334 haesitare,

110 337 322 395 Slawan,
357 353 511 386 tacere.
1255 339 1523 407 Ustzgajan,
1556 341 1775 406 sugillare.

111 405 337 472 Sprauto,
380 405 485 453 cito.
1254 405 1496 468 Usa'aua'o,
1525 408 1727 462 sollicite.

111 471 258 528 Sum,
292 466 525 535 Swfiziw,
558 464 802 521 confestim.
1254 472 1485 541 Ufilmei‚
1518 474 1689 539 stupor.

112 535 361 593 Swintlzai,
387 537 541 594 validi,
575 532 734 596 fortes,
766 534 949 585 robusti.
1258 539 1489 608 Wziltsta,
1523 544 1722 605 angulus,

116 601 315 668 Talzjan,
346 599 600 663 discerpere.
1256 608 1426 674 ΜΨ,
1460 626 1641 659 corona.

115 666 376 726 Theihwon,
415 670 600 719 tonitru.
1255 675 1481 734 Waluns,
1512 677 1671 738 virgas.

115 737 390 805 Tramstein,
429 733 604 788 locusta.
1253 741 1388 801 Ws,
1428 743 1733 802 tranquillitas.

108 844 240 894 Hisce
258 846 464 894 omnibus
485 846 626 908 probe
645 844 918 896 consideratis
942 847 985 895 ὅ(
1010 848 1255 911 perpensis,
1289 847 1571 900 manifestum
1599 850 1706 912 esse,
1740 869 1867 913 reor,
1901 854 2069 907 codicis
2095 872 2200 922 arg.
2235 873 2328 909 ver·

108 914 273 962 sionem
292 931 382 960 non
400 915 446 959 in
466 914 703 961 Germania
729 912 898 970 nostra,
933 912 1006 962 sed
1033 918 1078 962 in
1106 914 1198 965 solo
1226 922 1461 981 peregrino
1491 925 1637 968 natam
1665 919 1765 979 esse,
1800 921 1844 969 ἃ
1871 924 2052 984 quidem
2080 928 2125 972 in
2147 927 2327 986 Gothia,

108 982 233 1028 cuius
251 978 399 1036 fitum,
432 980 542 1026 nulli
561 980 635 1027 alii
653 982 825 1042 regioni
851 982 896 1028 in
915 996 1011 1030 toto
1028 998 1241 1032 terrarum
1262 986 1368 1034 orbe
1387 1002 1693 1049 communem,
1727 1004 1854 1037 voces
1875 988 1978 1053 ipsae
1996 991 2236 1040 luculenter
2255 993 2325 1041 de·-

106 1043 325 1108 scribunt,
359 1044 588 1094 domestici
608 1046 790 1108 quidem
810 1047 959 1106 testes,
992 1046 1065 1096 sed
1084 1064 1204 1098 tanto
1223 1053 1471 1101 validiores.

240 1159 299 1205 Et
319 1156 453 1204 huius
472 1157 633 1220 linguae
651 1159 804 1221 genius
822 1159 951 1221 plane
970 1158 1161 1208 diversus
1179 1160 1238 1210 est
1254 1180 1279 1210 a
1298 1177 1452 1212 natura
1469 1165 1512 1212 δι
1530 1162 1839 1214 constitutione
1865 1166 2027 1229 linguae
2046 1168 2324 1216 Germanica·

105 1238 196 1272 tam
215 1223 463 1282 hodiernae,
497 1242 633 1286 quam
652 1227 805 1272 veteris
827 1227 1056 1277 Alemann.
1078 1231 1294 1281 Francon.
1317 1230 1361 1277 δι
1379 1232 1775 1292 Anglo·Saxonicae,
1803 1250 1894 1280 non
1910 1231 2053 1282 solum
2071 1236 2117 1280 in
2138 1234 2324 1282 vocibus

105 1292 326 1353 propriis,
360 1288 570 1355 (quarum
590 1290 810 1353 specimen
828 1308 924 1339 ante
947 1293 1068 1356 dedi)
1093 1293 1163 1342 sed
1182 1298 1313 1343 etiam
1332 1298 1378 1342 in
1398 1296 1724 1344 communibus
1779 1302 1901 1346 Nam
1920 1316 1969 1347 ut
1992 1303 2322 1348 terminationes

38 1385 41 1387 -
105 1356 150 1403 δι
170 1356 374 1404 flexiones
393 1374 553 1404 vocum
577 1359 622 1404 in
641 1358 850 1406 omnibus
874 1361 1085 1407 orationis
1103 1362 1304 1427 partibus
1332 1365 1556 1421 omittam,
1589 1381 1686 1424 quae
1711 1382 1736 1411 a
1760 1366 1943 1426 reliquis
1968 1365 2159 1414 diales‘iis
2186 1368 2322 1427 incre·

107 1422 234 1470 dibili
254 1421 503 1470 discrimine
521 1424 753 1483 abludunt,
787 1425 875 1474 hoc
895 1441 1039 1473 tamen
1061 1427 1278 1475 observari
1296 1430 1451 1487 velim,
1484 1430 1680 1491 linguam
1699 1431 1861 1480 codicis
1878 1448 1981 1499 arg.
2001 1432 2185 1480 verbum
2203 1434 2321 1480 auxi-

104 1489 211 1537 liare
230 1487 403 1548 haban,
430 1488 593 1538 cunetis
612 1491 845 1538 Germanis
864 1508 953 1539 tam
974 1494 1244 1553 recentibus,
1275 1512 1409 1556 quam
1439 1498 1630 1556 antiquis
1658 1496 1713 1543 ad
1740 1495 1972 1546 formanda
2000 1501 2220 1560 praeterita
2244 1516 2315 1546 ne-

105 1554 356 1614 cessarium,
386 1573 476 1604 non
493 1555 745 1618 agnoscere,
782 1559 825 1606 δι
853 1560 1147 1607 nihilominus
1175 1561 1338 1619 dicere,
1372 1562 1493 1622 quod
1520 1562 1755 1610 dicendum
1786 1563 1870 1613 este
1903 1582 1926 1611 e
1952 1566 2174 1612 contrario
2201 1565 2322 1612 idem

103 1622 285 1669 verbum
304 1620 457 1671 futuro
474 1625 667 1685 tempori
687 1623 936 1672 denotando
955 1625 1175 1686 adhiberi,
1212 1629 1335 1688 quod
1362 1630 1522 1675 caeteris
1543 1630 1775 1677 Germanis
1805 1629 2011 1677 insolens:
2045 1630 2087 1688 ὅ(
2112 1646 2321 1692 praeterea

104 1688 246 1736 verbis
273 1687 442 1748 paffivis
468 1691 555 1746 uti,
591 1689 749 1749 quibus
770 1693 982 1738 Germani
1009 1694 1140 1754 plane
1172 1692 1479 1743 destituuntur.
1535 1694 1668 1741 Unde
1693 1712 1896 1758 apparet,
1928 1697 2126 1759 linguam
2156 1692 2320 1746 codicis

102 1770 205 1822 arg.
226 1754 306 1801 effe
325 1755 591 1817 peculiarem
610 1755 869 1815 dialeOtum,
903 1760 1312 1827 Germanicaebhaud
1338 1762 1523 1807 omnino
1549 1760 1747 1809 similem.

237 1866 405 1911 Verum
426 1865 471 1910 in
487 1865 568 1912 hac
592 1863 961 1924 diffimilitudine,
995 1869 1311 1928 qualiscunque
1337 1868 1409 1925 sit,
1444 1870 1619 1917 nullum
1644 1868 2053 1933 septentrionalibus
2079 1869 2318 1931 arripiendi

105 1929 267 1979 codicis
285 1929 536 1993 praefidium
554 1927 760 1978 reliffium
779 1930 862 1993 est,
894 1932 1003 1979 adeo
1028 1949 1077 1980 ut
1095 1935 1242 1996 lingua
1261 1934 1424 1981 codicis
1443 1951 1544 1980 cum
1563 1935 1683 1981 nulla
1710 1938 1859 1982 minus
1879 1934 2064 1982 dialeeio
2085 1937 2316 1982 convenire

105 1995 468 2055 examinantibus,
503 2013 636 2058 quam
656 2013 757 2044 cum
779 1998 1118 2058 Suco-Gothica,
1145 2000 1358 2049 videatur.
1425 2003 1482 2045 Et
1504 2001 1595 2047 haec
1612 1998 1823 2048 discordia
1846 2000 1994 2063 (quod
2011 2001 2219 2062 inprimis
2239 2016 2316 2046 no·

103 2063 250 2124 tabile)
269 2062 425 2110 militat
442 2062 610 2122 ubique
628 2080 714 2125 pro
733 2065 988 2122 Germanis,
1024 2082 1124 2111 cum
1145 2065 1304 2125 quibus
1326 2062 1517 2127 perfegte
1536 2068 1738 2113 convenit
1757 2068 1802 2112 in
1823 2065 2054 2124 omnibus,
2084 2067 2131 2112 in
2152 2064 2314 2126 quibus

103 2147 128 2177 a
146 2128 444 2176 Suco-Gothis
464 2128 665 2178 dissentit.
732 2129 782 2175 ld
802 2131 923 2189 quod
950 2133 1017 2177 vir
1037 2131 1192 2180 clariss.
1212 2137 1262 2177 A.
1289 2133 1551 2198 Magnetas,
1579 2130 1840 2189 domesticus
1861 2130 2167 2193 septentrionis
2185 2128 2316 2187 testis,

103 2199 151 2242 in
177 2196 329 2243 litteris
360 2195 416 2241 ad
442 2193 636 2256 generos.
656 2197 746 2246 Dn.
772 2196 825 2241 de
845 2193 1073 2258 Baffeviz,
1105 2196 1232 2244 doffte
1259 2197 1302 2245 &
1330 2199 1543 2259 eleganter
1571 2197 1902 2257 demonstravit,
1936 2198 2050 2245 unde
2077 2197 2193 2244 bona
2220 2197 2316 2242 eius

104 2264 229 2310 venia
246 2259 466 2321 sequentia
486 2261 690 2322 decerpo,
746 2263 1045 2319 Suco-Gothi,
1081 2278 1167 2310 tam
1187 2266 1468 2320 recentiores,
1504 2281 1636 2324 quam
1658 2263 1841 2324 antiqui,
1849 2263 2105 2323 &articulum
2126 2259 2314 2308 substan-

102 2330 201 2375 tivis
220 2326 516 2389 postponunt:
551 2326 693 2376 codex
708 2343 815 2393 arg.
839 2345 941 2375 cum
962 2330 1195 2376 Germanis
1210 2332 1443 2391 praeponit.
1491 2331 1767 2377 Sueo-Gothi
1794 2327 2022 2392 praefixu‘m
2045 2344 2134 2395 ga,
2168 2329 2239 2374 cui
2261 2345 2312 2373 ae·

101 2393 320 2456 quipollet
338 2391 662 2441 Germanicum
678 2408 759 2460 ge,
791 2396 837 2440 in
857 2394 975 2441 nulla
994 2397 1205 2443 orationis
1224 2400 1346 2456 parte
1365 2394 1624 2456 agnoscunt,
1659 2396 1764 2442 dum
1783 2396 1925 2445 codex
1949 2411 2049 2460 arg.
2080 2410 2181 2440 cum
2202 2394 2311 2440 Ger·

102 2462 243 2507 manis
263 2460 373 2506 hanc
392 2458 653 2520 particulam
671 2477 761 2508 non
781 2458 921 2507 solum
942 2456 1212 2508 substantivis·
1231 2461 1274 2508 &
1295 2464 1497 2530 inprimis
1516 2460 1752 2508 colleElivis
1765 2495 1778 2516 ,
1812 2459 1884 2508 sed
1905 2461 1948 2508 ὅτ
1975 2459 2184 2508 omnibus
2202 2475 2310 2520 prae-

102 2527 240 2572 teritis
258 2523 510 2587 &supinis,
544 2524 588 2572 δι
605 2525 809 2586 plurimis
841 2528 971 2573 etiam
999 2527 1224 2574 infinitivis
1252 2526 1456 2589 praefigit.
1513 2527 1787 2574 Sueo-Gothi
1812 2526 2039 2590 praefixum
2056 2525 2125 2582 bi,
2158 2527 2230 2570 cui
2247 2541 2312 2571 re·

103 2590 286 2654 spondet
307 2588 623 2638 Germanicum
641 2591 691 2640 be
703 2629 715 2650 ,
743 2594 915 2653 pariter
933 2596 1155 2654 ignorant,
1192 2594 1315 2653 quod
1332 2609 1476 2640 tamen
1494 2593 1635 2642 codici
1652 2609 1759 2659 arg.
1779 2594 1820 2640 ὅ(
1841 2594 2074 2640 Germanis
2101 2593 2146 2638 in
2164 2590 2309 2638 verbis

104 2657 164 2705 est
184 2655 581 2705 familiariffimum.
651 2659 928 2705 Sum-Gothi
958 2674 1141 2706 utuntur
1165 2658 1334 2720 passivis
1362 2660 1465 2705 citra
1495 2660 1729 2716 auxilium,
1765 2660 1872 2706 dum
1902 2659 2042 2708 codex
2070 2673 2173 2724 arg.
2197 2653 2309 2717 saepe

102 2722 330 2774 wairtlzan
350 2725 392 2771 δ(
411 2721 555 2785 wefim
572 2740 697 2769 more
720 2725 1048 2770 Germanorum
1069 2725 1123 2770 ad
1139 2722 1371 2771 formanda
1390 2724 1546 2786 paffiva
1565 2740 1724 2771 mutuo
1754 2724 1900 2774 sumit.
1945 2723 2143 2788 ·>Q1ibus
2159 2722 2306 2783 prola·

101 2794 155 2839 tis
174 2793 241 2838 vir
259 2788 412 2837 dusius
433 2791 492 2835 ita
512 2790 750 2836 concludit:
785 2790 835 2838 E
836 2792 980 2838 lucere
998 2788 1099 2837 hinc
1116 2791 1352 2845 arbitror,
1380 2791 1568 2847 idioma,
1602 2807 1685 2855 quo
1705 2790 1952 2856 conscripta
1971 2795 2026 2851 cst
2046 2787 2141 2839 lzoec
2158 2788 2305 2852 verfio,

99 2859 226 2924 longe
245 2860 437 2922 propius
454 2855 516 2903 ad
535 2855 877 2913 Germanicam,
909 2871 1045 2920 quam
1063 2856 1460 2922 adseptentrionis
1482 2858 1713 2905 dialeclum
1738 2859 1967 2906 accedere:
1999 2856 2060 2905 td
2081 2853 2200 2922 quod
2223 2851 2304 2902 ad·

100 2923 183 2974 huc
201 2931 348 2989 magis
365 2917 650 2983 illucesceret,
667 2923 717 2986 fi
735 2924 1054 2989 quisstngulas
1079 2918 1215 2972 huius
1240 2925 1446 2988 verfiom‘s
1471 2939 1615 2982 voces,
1637 2926 1863 2991 flexiones
1888 2939 2068 2985 earum,
2101 2925 2151 2976 <5
2168 2924 2306 3032 vagia

2248 3000 2302 3035 ue
