2473 3380
807 328 1197 377 BENEVOLO
1274 328 1596 374 LECTORI

517 437 575 497 S.
651 435 713 495 P.
791 436 868 494 D,
945 432 1533 509 JOHANNES
1610 435 1882 495 IHRE.

98 516 353 671 Quum
383 559 514 613 illud,
558 576 649 619 quo
683 573 764 618 per
796 558 968 616 aliqum
1002 574 1137 604 annos
1175 558 1333 608 ducor,
1379 555 1570 602 studium
1604 558 1648 602 in
1682 561 1863 617 genium
1897 558 1942 606 ἃ
1971 560 2162 619 orig—ines
2196 559 2297 604 Lim

278 645 373 687 guae
414 628 562 671 Patria:
608 625 884 684 inquirendi&¹
938 625 1047 668 mihi
1090 622 1370 669 necessitatem
1410 625 1640 668 iniunxerit
1678 624 1868 683 linguam
1899 622 2297 686 Moesogothicam‚

93 708 300 751 tanquam
329 707 564 738 ceterarum
596 689 885 736 dialefi’mrum
908 690 1201 736 Gothicarum
1236 688 1540 746 scaturiginem
1569 691 1862 743 examinandi,
1899 692 1939 737 ἃ
1969 689 2298 751 pretiofissimus

92 758 164 806 ille
194 757 438 813 thesaurus,
480 773 612 816 quem
641 754 820 802 sollicite
855 754 1038 802 custodit
1070 755 1338 801 Bibliotheca
1371 753 1512 800 nostra
1543 752 1823 814 Upsiliensis,
1859 753 2100 817 fragmenta
2129 757 2294 815 loquor

95 840 285 882 quatuor
313 821 705 884 Evangelistarum,
749 839 881 883 opera
916 822 1107 880 Ulphilae
1145 823 1189 866 in
1227 821 1334 866 hanc
1372 822 1564 882 linguam
1602 822 1930 877 translatorum,
1973 823 2083 867 mihi
2116 826 2293 882 copiam

93 887 253 936 faceret
290 888 435 951 ipsum
474 904 766 951 prototypum
802 906 844 932 in
873 887 1097 933 confilium
1131 888 1337 941 vocandi3
1380 889 1665 933 animadverti
1699 885 1816 932 haud
1850 904 1971 941 raro,
2005 904 2117 946 quos
2150 889 2291 933 lauda=

90 954 248 1003 tiffima
285 973 384 1001 eura
425 957 627 1000 virorum
679 954 938 1000 immortalis
975 955 1146 1014 gloriae,
1203 948 1430 1017 Francgfiz‘
1458 951 1597 1017 ι7ιιηὲὶ
1632 952 1683 1001 &
1721 953 1919 1018 Georgii
1953 951 2294 1011 Stiernhmmii,

92 1019 329 1081 impressos
388 1020 599 1066 habemus
654 1020 824 1067 codices
846 1052 859 1075 ,
927 1019 981 1067 ab
1045 1018 1139 1080 ipso
1204 1021 1406 1079 exemplo
1466 1019 1712 1080 Ulphilano
1758 1019 1899 1077 abire,
1971 1022 2114 1065 immo
2175 1020 2293 1064 varia

94 1086 175 1133 esse
215 1088 328 1142 loca,
379 1104 475 1146 quae
505 1083 707 1148 ipsorum
748 1084 1057 1147 perspicaciam
1096 1088 1268 1145 penitus
1303 1084 1505 1147 fugerint.
1607 1084 1667 1132 Et
1703 1087 1849 1132 minus
1887 1088 2053 1130 mirum
2095 1086 2139 1129 id
2179 1084 2293 1130 mihi

90 1152 291 1210 obvenit,
324 1170 463 1213 quum
490 1168 675 1212 uterque
704 1150 780 1198 sub
809 1154 1025 1212 praecipiti
1055 1150 1218 1198 seneffia
1247 1153 1364 1198 hunc
1400 1170 1441 1197 in
1470 1150 1510 1197 se
1538 1152 1734 1198 laborem
1767 1149 2014 1212 susceperit,
2051 1151 2092 1196 ὅτ
2123 1148 2291 1208 fugien-

90 1233 153 1264 tes
185 1220 316 1265 literae
342 1220 450 1264 adeo
486 1216 712 1265 difficilem
740 1216 972 1263 leffionem
1013 1219 1217 1274 reddant,
1260 1234 1308 1264 ut
1336 1235 1440 1277 ego,
1484 1220 1766 1276 quantumvis
1798 1221 1918 1262 annis
1955 1217 2094 1263 multo
2129 1219 2290 1273 minor,

90 1284 210 1332 hunc
252 1285 444 1331 laborem
491 1286 601 1330 mihi
645 1300 910 1343 praegravem
954 1283 1172 1328 ducerem.
1305 1286 1534 1326 Noveram
1585 1285 1824 1339 equidem,
1889 1281 2291 1329 reverendissimum

91 1358 217 1411 regni
242 1350 347 1396 Suio
375 1351 556 1396 Gothici
595 1346 995 1409 archiepiscopum,
1031 1348 1073 1394 δτ
1101 1350 1232 1394 huius
1268 1348 1501 1394 academice
1538 1349 1997 1404 Pro-Cancellarium,
2042 1352 2290 1394 Dominum

92 1414 361 1466 Dofi't‘orem,
406 1416 599 1463 Ericnm-
635 1416 915 1468 Benzelzum,
976 1431 1066 1460 non
1111 1411 1253 1459 solum
1309 1415 1426 1458 idern
1471 1411 1697 1458 confilium
1742 1410 1934 1471 agitaffe,
1970 1429 2120 1457 verum
2157 1417 2289 1460 etiam

93 1483 139 1529 in
162 1482 360 1543 Angliam
397 1480 667 1528 transmisisse
701 1482 1009 1541 apographum
1046 1482 1286 1526 accuratius
1318 1481 1479 1525 codicis
1508 1479 1637 1540 hujus
1672 1479 1885 1538 argentei,
1928 1477 2118 1523 vet-fione
2157 1479 2287 1526 latina

94 1548 138 1595 ἃ
166 1546 519 1594 annotationibus
553 1544 838 1605 instrufflmm3
886 1547 954 1592 sed
990 1562 1132 1605 quum
1165 1548 1314 1591 incerti
1349 1544 1554 1601 essemuS,
1590 1562 1686 1603 quae
1712 1544 1842 1606 hujus
1873 1545 2076 1590 editionis
2102 1541 2185 1590 fata
2218 1542 2286 1592 fue

92 1629 194 1661 tura
222 1612 372 1670 essent,
417 1616 622 1675 inprimis
660 1612 893 1673 postquam
926 1612 1129 1658 desideria
1159 1612 1317 1658 eruditi
1345 1612 1466 1657 orbis
1494 1612 1578 1673 jam
1610 1611 1719 1656 adeo
1752 1611 1827 1655 diu
1857 1609 2051 1670 suspensa
2073 1609 2285 1667 tenuiffet;

92 1681 269 1726 hortatu
308 1678 640 1726 reverendiffimi
672 1680 856 1724 Domini
886 1677 1117 1736 Dofi'toris,
1167 1679 1359 1727 Henricz·
1409 1679 1624 1733 Benzelii,
1677 1678 1752 1735 qui
1790 1677 1875 1736 jam
1910 1691 2023 1721 tanta
2058 1693 2159 1722 cum
2201 1694 2283 1722 no-

91 1748 225 1793 minis
266 1743 354 1799 sui,
406 1748 631 1806 gentisque
671 1746 810 1805 gloria
847 1742 1216 1806 archiepiscopale
1253 1745 1419 1805 pedum
1458 1759 1594 1798 tenet,
1656 1758 1831 1788 examen
1869 1743 2044 1788 Codicis
2077 1744 2282 1801 Argentei

89 1811 430 1867 instituendum,
460 1812 665 1874 judicavi.
756 1815 908 1874 Qum
949 1827 1077 1867 vero,
1116 1813 1179 1856 uti
1210 1827 1352 1871 nuper
1388 1807 1605 1871 professus
1638 1808 1757 1864 sum,
1800 1825 1874 1853 nec
1907 1808 2021 1853 oculi
2061 1810 2148 1853 mei
2178 1809 2282 1856 huic

88 1878 231 1925 labori
269 1895 393 1939 pares
431 1877 578 1931 essent,
617 1894 692 1923 nec
720 1880 837 1932 otio,
883 1892 1094 1937 quantum
1126 1875 1246 1931 satis,
1298 1876 1593 1932 abundarem,
1642 1893 1689 1921 ex
1726 1872 1921 1921 universa
1957 1874 2010 1919 ad
2047 1874 2156 1919 hanc
2191 1891 2281 1920 aca-

89 1944 281 1992 demiam
310 1945 458 1990 *literis
488 1946 732 1991 vacantium
777 1943 917 2004 pube,
960 1945 1003 1988 in
1033 1945 1279 1988 Dominum
1310 1943 1503 1990 Ericum
1538 1941 1752 2006 Sotberg,
1799 1941 1950 1986 oculos
1977 1942 2164 1996 conieci,
2197 1940 2281 1985 illi·

91 2028 177 2070 que
209 2011 254 2056 id
282 2011 472 2065 iniunxi,
515 2026 563 2056 ut
591 2010 703 2056 mihi
732 2011 777 2054 in
814 2009 894 2056 hac
920 2026 967 2055 re
996 2009 1050 2054 ad
1080 2025 1258 2054 manum
1303 2007 1422 2063 esset,
1454 2008 1498 2054 &
1527 2006 1751 2054 difficilem
1784 2006 1893 2051 hanc
1931 2004 2118 2066 spartam
2159 2008 2201 2051 in
2236 2004 2278 2051 se

88 2074 334 2137 susciperet.
433 2076 609 2124 Annuit
637 2076 730 2129 ille,
767 2092 852 2136 pro
880 2073 960 2120 suo
989 2076 1033 2120 in
1062 2090 1134 2119 me
1162 2074 1204 2120 ὃ(
1224 2077 1382 2121 artium
1414 2072 1553 2119 studia
1579 2071 1759 2130 affestu,
1794 2071 1958 2128 facilis,
1988 2072 2032 2118 ὃ(
2059 2088 2144 2118 una
2175 2088 2278 2118 cum

87 2142 262 2189 duobus
290 2143 385 2188 aliis
415 2140 536 2203 frugi
566 2141 795 2187 iuvenibus
829 2142 885 2187 ita
913 2140 1136 2187 collationi
1165 2140 1432 2186 instituendae
1462 2137 1503 2185 se
1532 2141 1735 2195 accinxit,
1771 2155 1819 2185 ut
1839 2139 1909 2183 ille
1938 2141 1981 2183 in
2002 2135 2098 2196 ipso
2129 2139 2278 2183 codice

86 2210 277 2255 intentos
314 2208 467 2253 oculos
498 2206 654 2268 figens,
688 2204 1021 2266 subsequeretur
1060 2222 1328 2266 praeeuntem
1366 2205 1552 2265 fingulas
1587 2206 1728 2250 literas
1769 2222 1819 2249 ex
1848 2203 2038 2248 editione
2073 2204 2277 2262 Juniana‚

84 2274 219 2321 altero
250 2272 525 2329 subnotante,
558 2273 634 2320 ubi
663 2271 898 2320 diffentiret
929 2272 1317 2321 Stiernbielmiana,
1396 2272 1632 2316 Annotavit
1660 2270 1732 2315 hic
1759 2267 1903 2315 noster
1927 2269 2079 2313 omnia
2108 2265 2276 2328 sedulo,

81 2339 202 2388 &ita
230 2357 319 2386 non
335 2355 504 2386 tantum
523 2340 865 2401 quamplurimis
891 2338 998 2384 locis
1013 2354 1159 2384 veram
1191 2337 1381 2383 reddidit
1399 2334 1658 2390 lestknem,
1691 2332 1763 2380 sed
1796 2336 1925 2380 etiam
1952 2349 2064 2380 totas
2082 2335 2273 2394 paginas,

82 2421 132 2454 ut
161 2421 322 2452 taceam
360 2408 551 2454 minores
589 2407 759 2452 lacunas
795 2406 922 2461 alias,
963 2404 1122 2463 quibus
1157 2418 1279 2449 antea
1307 2404 1539 2456 caruimus,
1560 2400 1764 2456 restituit,
1809 2402 1941 2459 idque
1970 2402 2051 2454 ita,
2086 2416 2134 2446 ut
2152 2401 2274 2459 quod

80 2489 172 2519 non
189 2471 274 2519 sine
293 2470 574 2519 ostentatione
598 2470 824 2536 Sorbergii
849 2471 937 2516 mei
955 2471 1069 2528 dico,
1102 2487 1156 2516 ne
1176 2471 1302 2516 unica
1330 2467 1508 2528 quidem
1531 2468 1622 2531 jam
1652 2465 1702 2513 fit
1719 2465 1838 2528 apud
1856 2465 2088 2528 Ulphilam
2105 2467 2272 2526 vocula,

82 2555 216 2600 quam
243 2555 333 2585 non
365 2538 548 2599 publico
578 2536 730 2584 leffiam
760 2534 929 2583 offerat.

282 2607 337 2652 Et
355 2605 442 2651 huc
472 2621 609 2664 usque
634 2605 721 2667 jam
750 2618 1012 2663 perventum
1039 2616 1148 2656 erat,
1183 2616 1322 2660 quum
1353 2617 1449 2647 ecce
1480 2598 1554 2645 illa
1573 2614 1663 2646 tam
1689 2600 1814 2646 anxie
1839 2597 2005 2659 diuque
2033 2596 2270 2659 exspestata

81 2669 216 2717 editio
247 2671 528 2724 Benzeliana,
571 2685 834 2731 procurante
870 2670 988 2725 viro,
1033 2671 1161 2714 etiam
1191 2666 1455 2714 aliundede
1494 2666 1720 2726 republica
1758 2666 1941 2710 literaria
1982 2662 2271 2725 meritiffimo,

79 2736 318 2788 Edwardo
354 2740 470 2804 Lye.
521 2734 770 2782 nitidxffime
810 2735 944 2792 edita,
987 2738 1034 2781 in
1075 2750 1228 2780 manus
1272 2731 1436 2779 nostras
1468 2734 1598 2779 venit.
1690 2735 1747 2778 Et
1775 2732 1875 2776 licet
1908 2745 2005 2777 tum
2039 2726 2267 2776 facile'au-

79 2819 336 2867 guraremur
364 2802 522 2850 statim.
562 2818 777 2864 praecepta
802 2819 882 2863 per
907 2804 1011 2848 tanti
1039 2802 1124 2847 viri
1153 2797 1422 2861 sagacitatem
1448 2796 1528 2844 esse
1558 2800 1707 2845 omnia
1738 2798 1830 2852 illa,
1867 2795 2025 2856 quibus
2052 2811 2133 2841 nos
2162 2811 2267 2856 ope·

79 2886 177 2921 ram
209 2868 402 2920 nostram
432 2870 733 2932 impendimus
743 2905 757 2931 ,
790 2868 1106 2927 nihilominus,
1148 2882 1288 2930 quum
1316 2862 1417 2928 post
1451 2878 1615 2914 tantam
1653 2862 1854 2922 messem,
1887 2860 2096 2924 aliquod,
2132 2877 2265 2936 quan-

1855 2954 1861 2955 ⁷
2101 2941 2263 2976 tumvis
