2473 3380
156 130 215 179 18
353 108 698 172 OELRICHS
728 113 1428 173 ANIMADVERSIONES
1468 115 1553 170 IN
1584 117 1758 171 DISS.
1784 117 2159 181 HEUPELII.

158 234 379 283 Runicum
406 231 494 281 &a
524 237 663 297 opera
688 228 881 279 eiusdem
905 228 1070 280 Franc.
1091 226 1237 291 Junii
1257 229 1443 279 Dordr.
1468 235 1608 289 1665.
1636 232 1685 281 θ’
1705 230 1842 298 Amst.
1873 235 2015 294 1684.
2046 248 2092 292 4.
2142 232 2364 294 Qaeritur

163 316 217 345 an
237 299 303 344 hae
320 296 397 344 sint
414 297 526 343 binae
545 295 720 344 diversae
738 298 950 343 editiones
963 333 973 352 ‚
1008 296 1052 342 id
1074 295 1194 355 quod
1212 293 1365 342 anglor
1384 294 1526 342 noster
1542 294 1704 353 asserit,
1734 313 1789 342 an
1809 314 1894 344 una
1920 301 2172 358 eademque,
2198 312 2367 344 mutato

158 363 302 411 solum
324 363 484 413 titulo?
518 361 736 410 Posterius
755 362 906 419 statuo,
933 379 1021 408 non
1041 364 1159 406 enim
1180 361 1353 408 videtur
1373 362 1489 408 hunc
1507 361 1672 409 librum
1689 376 1754 407 tot
1772 363 1971 410 invenisse
1993 381 2195 421 emtoreS,
2221 378 2271 411 ut
2288 365 2369 409 rei-

159 444 294 477 terata
312 429 503 475 editione
522 446 636 490 opus
655 426 812 483 fuerit,
847 443 924 473 nec
944 427 1089 473 ullum
1111 429 1287 488 reperio
1309 427 1523 474 indicium
1550 429 1595 473 in
1615 428 1807 473 editione
1825 427 2058 478 Amstelod,
2089 430 2271 477 eandem
2288 427 2370 475 esse

162 497 214 542 de
235 512 354 542 novo
376 493 571 541 excusam
588 531 599 550 ,
634 494 678 538 id
699 493 819 552 quod
839 493 981 539 editor
1000 510 1088 539 non
1110 491 1370 553 neglexisset.
1438 493 1634 541 Secunda
1660 493 1795 540 editio
1821 495 1992 554 prodiit
2015 493 2092 541 sub
2111 497 2195 543 hoc
2217 495 2372 542 titulo:

163 563 233 611 D.
254 563 320 611 N.
342 558 454 624 Jefic
476 556 646 621 Christi
659 592 670 612 ‚
707 558 801 607 SS.
823 559 1058 624 evangelia
1075 557 1131 607 ab
1158 559 1323 621 Ulfila‚
1362 556 1619 609 Gothorum
1647 564 1694 607 in
1716 557 1872 624 Moesta
1897 558 2116 625 episcopo,
2146 567 2268 610 circa
2288 575 2375 609 an-

162 643 269 676 num
287 643 315 675 a
335 638 439 673 nato
463 621 636 691 Clzrt‘fio
659 624 890 676 CCCLX.
920 641 981 674 ex
1003 625 1173 674 Gra’co
1196 623 1390 675 Gothico
1418 627 1673 682 translata,
1707 641 1821 673 nunc
1840 641 1937 673 cum
1952 627 2198 691 parallelis
2215 628 2376 694 verfio·

162 692 317 753 nibus,
352 691 470 740 Suco
498 687 718 749 Gothia,
753 693 1021 742 Norra‘ana
1033 690 1122 756 stu
1141 692 1369 742 Islandica
1392 694 1441 742 Εἰ
1467 693 1655 759 vulgata
1682 692 1828 739 latina
1854 692 1997 748 edita,
2031 693 2195 741 accedit
2213 694 2377 743 Franc.

165 757 308 824 Junii
320 755 588 823 glqffarium
611 755 877 815 Gothicum,
912 761 1072 824 lingua
1097 758 1235 807 Suco·
1245 756 1446 807 Gothico
1477 759 1689 807 moderna
1715 759 1764 809 δ’
1782 762 1967 823 antiqua
1995 759 2311 824 locupletatum
2331 762 2380 811 ὅ

163 826 468 893 illustratum,
503 841 614 874 cura
635 827 684 876 t&
696 824 851 891 studio
874 824 1048 891 Georgu
1070 825 1417 875 Stiernht'elmii.
1484 823 1735 874 Stocklzolm
1760 830 1899 884 1671.
1918 839 1967 883 4.
2037 828 2191 872 Tertia
2220 826 2260 872 ἃ
2284 826 2383 872 ulti-

163 898 238 939 ma
259 893 393 939 editio
415 889 638 952 splendida
659 892 701 939 <Sc
715 890 1012 953 pretiosiffima
1029 890 1105 938 sub
1126 892 1213 938 hoc
1228 892 1356 938 titulo
1376 891 1515 938 lucem
1531 891 1751 953 adspexit:
1785 893 2033 940 Sacrorum
2051 891 2382 957 evangeliorum

165 960 297 1025 vetfio
320 957 518 1007 Gotlnca
540 974 602 1006 ex
621 959 989 1023 codice-argenteo
1010 958 1241 1006 emendata
1261 969 1393 1023 atque
1406 955 1633 1022 simplem,
1667 972 1764 1005 cam
1786 961 2152 1022 interpretatione
2170 958 2314 1006 latina
2332 960 2382 1009 Εἴ

164 1023 524 1074 annotation'bus
541 1026 679 1074 Erici
699 1026 919 1082 Benzelii,
946 1041 1031 1072 non
1052 1028 1116 1073 ita
1135 1024 1316 1085 pridem
1336 1023 1672 1089 Archiepiscopi
1688 1023 1968 1089 Upfitlietfit,
1987 1024 2149 1083 edidit,
2181 1022 2379 1088 olfi’rva-

165 1095 311 1140 tiones
321 1088 439 1153 ficas
456 1089 644 1146 adiecit,
679 1088 1109 1156 &grammaticam
1128 1089 1371 1138 Gothicam
1394 1092 1619 1159 prante-'fit
1642 1092 1689 1139 E
1692 1092 1908 1140 dwarf-dus
1928 1093 2042 1158 Lye,
2076 1091 2134 1142 A.
2155 1093 2226 1140 M.
2249 1092 2384 1141 Oxo--

166 1162 236 1207 nit
254 1173 274 1204 e
295 1171 476 1222 typogr.
499 1155 767 1205 Clarendon.
795 1171 938 1218 1750.
958 1173 1004 1215 4.
1073 1159 1136 1202 Ex
1152 1155 1393 1202 recensione
1412 1158 1567 1203 harum
1599 1158 1842 1209 ditionum
1867 1173 2007 1218 patet,
2042 1155 2237 1203 summos
2257 1159 2298 1202 in
2320 1174 2383 1202 re·

165 1223 346 1285 publica
367 1223 572 1269 litteraria
595 1224 710 1268 viros
731 1225 776 1268 in
796 1221 1041 1269 illustranda
1069 1222 1258 1269 versione
1280 1223 1467 1268 Gothica
1499 1214 1785 1282 antiqfi‘issima
1815 1240 1993 1269 omnem
2022 1222 2263 1269 adhibuisse
2291 1223 2384 1268 dili-

168 1291 372 1350 gentiam.
442 1289 524 1334 Sed
549 1306 703 1335 eorum
726 1287 1070 1346 observationes,
1104 1289 1223 1348 quod
1248 1288 1483 1336 dolendum
1507 1288 1585 1345 est,
1621 1291 1664 1334 in
1684 1289 1752 1333 his
1780 1290 1917 1335 tribus
1939 1289 2202 1335 editionibus
2225 1284 2387 1350 disper-¹

169 1354 220 1401 sae
241 1369 494 1410 occurrunt3
529 1353 700 1415 singulae
718 1355 886 1414 aliquid
912 1356 1129 1416 peculiare
1150 1355 1331 1412 habent,
1367 1356 1487 1415 quod
1509 1355 1551 1400 in
1571 1355 1665 1400 aliis
1689 1353 1846 1401 deficit.
1918 1357 2059 1411 Hinc,
2095 1358 2170 1414 qui
2190 1353 2300 1401 regie
2323 1357 2394 1400 in·-

169 1420 365 1481 telligere
386 1421 479 1466 vult
500 1420 737 1467 versionem
760 1422 997 1468 Gothicam
1012 1459 1023 1478 ,
1057 1438 1210 1468 omnes
1231 1421 1307 1466 has
1328 1422 1538 1468 editiones
1562 1422 1767 1468 adhibere
1788 1419 1923 1468 debet.
1995 1425 2042 1467 In
2063 1423 2208 1481 prima
2231 1422 2384 1467 editio-

120 1485 125 1495 ’
170 1504 223 1533 ne
245 1488 313 1535 el.
335 1484 476 1552 Junii
494 1488 603 1532 varii
624 1502 860 1534 occurrunt
882 1504 1050 1533 errores
1078 1505 1102 1533 a
1122 1491 1222 1535 VV.
1243 1488 1312 1535 Cl.
1339 1486 1696 1545 Stiernlzielmw,
1731 1488 1939 1535 Benzelt'o
1970 1488 2013 1534 ὅ(
2034 1488 2139 1534 llere
2167 1486 2320 1547 dete-{ii
2342 1487 2385 1533 ὅ(

168 1550 353 1600 feliciter
371 1552 614 1611 emendati3
648 1568 788 1599 ‚textus
808 1569 951 1599 autem
973 1555 1019 1598 in
1036 1554 1109 1600 illa
1129 1556 1388 1615 exprimitur
1407 1554 1559 1600 litteris
1581 1555 1806 1610 Gothicis,
1836 1557 1910 1613 qui
1932 1555 1975 1598 in
1997 1555 2185 1599 editione
2204 1552 2385 1599 secunda

174 1617 504 1668 Stiernlzielmit'
524 1620 668 1664 latinis
687 1619 838 1664 litteris
861 1618 1000 1665 solum
1022 1623 1315 1681 proponitur,
1350 1620 1449 1666 licet
1467 1620 1615 1666 eadem
1639 1620 1909 1665 emendatior
1925 1619 1972 1664 sit
1999 1622 2160 1680 priore.
2230 1622 2386 1665 Tertia

172 1686 308 1731 editio
330 1686 396 1733 Cl.
417 1686 469 1733 de
490 1686 607 1751 Lye,
643 1684 701 1730 ob
720 1684 951 1745 singulares
972 1686 1013 1731 ἃ
1033 1686 1222 1732 eruditas
1242 1684 1560 1732 ohservationes
1591 1686 1770 1731 editoris
1800 1686 1839 1732 ἃ
1860 1686 1926 1733 Cl.
1950 1686 2171 1742 Bt'tzzelt'i,
2204 1686 2383 1744 reliquis

171 1747 369 1811 praeferri
390 1768 597 1809 meretur„
621 1753 819 1809 quamvis
841 1752 885 1796 in
906 1750 1062 1796 nostris
1083 1752 1336 1811 regionibus
1354 1754 1495 1798 rarius
1517 1768 1728 1798 occurrat.
1766 1751 2382 1812 Bellzelt'usArchiepiscopus

172 1813 463 1880 UpsaliensiS,
497 1818 564 1862 vir
583 1815 805 1874 eruditu-s,
839 1832 918 1876 per
937 1816 1103 1875 aliquot
1128 1833 1264 1862 annos
1295 1819 1340 1862 in
1360 1819 1556 1863 codicem
1584 1833 1835 1876 argenteum
1868 1820 1993 1863 omni
2022 1835 2125 1863 cura
2153 1818 2387 1877 inquisivit,

173 1883 410 1940 illumque,
445 1881 498 1927 de
520 1898 635 1927 novo
664 1879 955 1941 descriptum,
989 1880 1178 1927 versione
1199 1883 1329 1927 latina
1358 1883 1399 1928 &
1433 1884 1548 1928 n0tis
1580 1880 1828 1940 illustravit3
1865 1881 1955 1938 sed,
1993 1900 2083 1941 quo
2104 1885 2249 1930 minus
2270 1901 2385 1945 opus

172 1948 258 1993 hoc
278 1946 444 2000 ederet,
481 1964 623 1999 mom,
656 1963 787 2005 quam
811 1963 923 1992 anno
952 1946 1083 1992 huius
1113 1946 1239 1992 seculi
1264 1950 1415 1995 XLIII.
1448 1946 1601 2003 subiit,
1635 1947 1917 2007 impediebat.
1987 1947 2186 1994 Praestitit
2209 1950 2295 1996 hoc
2316 1951 2385 1999 Cl.

174 2013 226 2061 de
247 2014 359 2077 Lye,
378 2014 470 2072 -qui
496 2027 659 2058 textum
684 2012 888 2058 Gothicis
910 2012 1063 2058 litteris
1084 2011 1298 2072 expreffir,
1333 2011 1508 2058 sublatis
1529 2013 1644 2059 vitiis
1663 2015 1868 2073 priorum
1891 2013 2161 2075 editionum,
2196 2015 2236 2061 ὅ(
2257 2017 2385 2062 variis

175 2077 550 2126 observationibus
571 2080 615 2123 in
636 2079 814 2123 clariore
835 2078 1061 2124 collocavit
1082 2078 1193 2125 luce.
1263 2081 1372 2124 Haec
1393 2097 1504 2125 nova
1524 2079 1683 2134 editio,
1718 2081 1867 2125 ceteris
1895 2079 1993 2126 licet
2021 2080 2218 2141 palmam
2236 2085 2388 2143 praeri-

173 2147 288 2206 piat,
323 2144 421 2191 suos
441 2161 584 2191 tamen
614 2146 780 2208 patitur
809 2161 981 2204 manes,
1015 2144 1056 2191 &
1083 2162 1130 2190 ex
1151 2145 1213 2191 Cl.
1239 2143 1344 2193 Iltre
1369 2145 1562 2211 Ulplu'la
1592 2144 1816 2213 illzfirato
1846 2145 2069 2194 emendari
2087 2147 2228 2195 adhuc
2248 2148 2391 2206 debet,

174 2213 240 2258 uti
257 2209 371 2259 reste
390 2212 554 2258 iudicat
575 2210 664 2261 Cel.
686 2207 926 2259 Michaelis
943 2209 977 2259 l.
998 2225 1036 2260 c.
1049 2227 1101 2276 p.
1131 2218 1238 2270 2780
1247 2209 1323 2277 sq

1189 2325 1223 2380 §-
1294 2323 1373 2369 vt.

209 2439 211 2442 <
266 2431 274 2434 <
302 2407 589 2455 *Deversione
610 2407 806 2472 Ulphilae
826 2406 936 2453 nihil
965 2407 1041 2453 nifi
1070 2423 1259 2467 quatuor
1286 2407 1501 2469 evangelia
1531 2405 1762 2468 superesse,
1798 2407 1941 2455 statuit
1960 2409 2220 2475 Heupelius.
2290 2416 2388 2461 Nec
2414 2402 2419 2409 ¹

176 2475 357 2522 mirum.
394 2475 514 2520 Idem
537 2476 653 2520 enim
674 2491 810 2533 usque
830 2473 882 2519 ad
903 2491 1062 2519 annum
1084 2475 1216 2520 huius
1235 2472 1362 2521 seculi
1387 2490 1462 2535 57.
1487 2472 1974 2523 ‘existimaruntm-uditi.
2008 2477 2092 2522 Sed
2115 2478 2384 2529 Cel.Franc.

177 2541 345 2590 Antan.
366 2542 584 2591 Knittelio
606 2541 728 2591 licuit
748 2539 827 2585 effe
841 2540 954 2586 'adeo
977 2537 1109 2596 felici,
1130 2556 1178 2586 ut
1193 2541 1496 2601 praeiudicium
1517 2540 1603 2586 hoc
1622 2541 1772 2586 tollere
1791 2543 2000 2602 potuerit,
2056 2545 2251 2603 Reperiit
2271 2548 2387 2593 enim

179 2609 225 2653 i‘n
250 2605 544 2668 pretiofiffima
565 2605 829 2653 bibliotheca
849 2605 1026 2666 publica
1048 2606 1455 2670 Guelpherbytana,
1491 2607 1614 2652 mstis
1632 2606 1849 2653 rarissimis
1876 2606 2140 2667 abundante,
2174 2612 2387 2659 nonnulla

178 2670 385 2719 versionis
411 2673 541 2719 huius
569 2670 833 2732 fragmenta,
868 2688 962 2731 quae
990 2672 1158 2732 aliquot
1186 2675 1416 2733 pericopas
1446 2670 1636 2733 epistolae
1662 2673 1786 2718 Pauli
1816 2674 1869 2719 ad
1899 2675 2121 2720 Romanos
2152 2677 2383 2728 continent,

159 2737 329 2785 -Edidit
349 2738 440 2785 haec
450 2739 512 2785 Cl.
529 2737 696 2786 Franc.
711 2738 819 2786 Ant.
830 2737 1076 2785 Knittelt‘zts
1087 2735 1165 2784 sub
1178 2739 1261 2785 hoc
1273 2740 1425 2785 titulo:
1464 2735 1671 2802 Ulphttae
1689 2741 1920 2802 versionem
1935 2736 2175 2788 Gothicam
2194 2745 2380 2791 nonnul-

180 2805 327 2852 lorum
344 2809 539 2870 capitum
558 2805 747 2870 epstola’
766 2804 906 2852 Pauli
925 2804 990 2852 ad
1006 2806 1230 2853 Romanos
1254 2821 1275 2854 e
1294 2807 1439 2853 litura
1459 2805 1574 2853 MS.
1597 2803 1806 2871 rescrIpti
1832 2804 2104 2855 bibliotheca’
2129 2803 2385 2871 Guetphera

181 2870 359 2936 bytanae
386 2887 483 2921 cum
511 2877 658 2922 variis
685 2874 977 2921 monumentis
1005 2870 1184 2920 ineditis
1215 2875 1353 2930 cruit,
1388 2883 1705 2921 commentatur
1732 2875 1812 2937 eft,
1847 2872 2050 2939 deditque
2062 2873 2202 2937 foras
2217 2875 2384 2927 Franc.

2273 2941 2384 2998 Ant.
