2473 3380
179 139 239 189 52
837 126 887 175 E
935 124 993 176 V
1031 122 1078 173 A
1124 122 1179 172 N
1221 123 1270 174 G
1314 124 1364 174 E
1408 126 1449 173 L
1494 125 1525 174 l
1574 124 1628 178 U
1668 126 1732 176 M

181 245 257 302 36.
291 235 494 302 quatlmlz
524 232 633 285 tlzan
663 237 710 298 v)
744 236 815 300 jah
845 235 1033 300 gajukon
1072 234 1129 279 du
1160 235 1255 282 inu
1316 240 1393 297 36.
1432 236 1614 283 Dicebat
1634 252 1776 284 autem
1797 237 2113 299 &parabolam
2134 238 2229 296 illis,
2250 241 2370 300 quod

242 304 378 417 {ha'tedi
405 304 589 351 ainshun
604 304 708 370 plat
738 302 798 368 x)
833 302 1001 364 snagins
1032 299 1161 361 niujis
1190 301 1237 345 ni
1381 320 1513 349 nemo
1543 304 1764 364 plagulam
1792 304 1915 352 vestis
1943 322 2065 353 novae
2090 308 2308 368 imponat.

260 388 281 417 a
333 389 345 416 1
380 405 392 420 .

178 435 234 487 ib,
270 388 494 485 agl'Jthtbau.
521 437 571 504 y)
619 434 681 482 Sc.
710 434 904 484 aihthau.
1314 432 1374 482 ib.
1411 433 1649 494 Alioquin.

179 519 256 566 39·
290 504 361 565 jah
392 503 575 549 ainshun
613 500 935 561 driggkandane
958 496 1130 562 fairni.
1188 500 1234 545 ni
1315 515 1390 563 39.
1425 504 1480 546 Et
1509 518 1638 546 nemo
1668 499 1915 550 bibentium
1939 518 2082 562 vetus,
2119 502 2259 551 statim
2288 505 2374 551 vel·

240 568 340 616 suns
378 570 463 614 wili
501 570 623 629 jugg.
667 564 862 630 quitlzitlz
895 568 946 628 ⁴¹)
999 565 1087 612 auk
1119 565 1235 614 thata
1378 568 1437 613 let
1464 584 1654 623 novum,
1692 568 1801 614 dicet
1830 572 1947 617 enim
1976 588 2096 619 vetus
2122 570 2277 618 melius
2298 570 2371 619 est.

228 634 412 699 fairnjo
443 632 493 695 z)
522 633 664 678 batizo
695 631 761 678 ist.
1162 638 1165 644 ”

590 701 694 759 (Ἀρ,
721 701 815 746 VI:
1463 717 1466 721 ’
1732 701 1843 760 Cap.
1870 704 1953 748 VI:

178 782 253 817 11.
289 767 375 826 qha
405 764 698 812 tamidideina
725 763 778 828 α)
803 764 998 811 thamnia
1023 762 1168 811 iaisua.
1318 779 1335 813 1
1354 780 1407 827 1.>
1426 765 1549 827 Qud
1578 762 1766 813 facerent
1783 764 1902 829 Jesu.

177 849 249 882 12.
290 832 458 895 usiddja
477 828 617 894 ἰαί-[ΞΜ
639 829 689 894 b)
711 834 754 876 in
774 828 963 892 fairguni
985 831 1145 890 bidjan·
1163 830 1237 893 jah
1317 848 1393 881 12.
1437 833 1558 879 Abiit
1584 831 1706 896 jesus
1746 835 1791 878 in
1821 849 2016 881 montem
2047 848 2297 897 precatum,
2332 832 2375 880 &

241 917 326 946 was
347 900 452 945 naht
482 896 836 946 thaffwakands.
860 900 902 958 c)
1380 895 1467 944 fuit
1494 897 1770 959 pernofi‘canS.

178 982 255 1030 13·
283 966 355 1030 jab
387 965 642 1027 gawaljands
670 981 722 1012 us
741 969 801 1012 im
822 965 874 1024 d)
905 964 1066 1011 twalib.
1319 977 1393 1022 13.
1431 968 1487 1010 Et
1526 966 1684 1025 eligens
1723 983 1770 1010 ex
1799 965 1885 1012 illis
1920 966 2172 1017 duodecim.

160 1049 256 1095 ¹17.
301 1033 374 1095 jah
412 1031 800 1098 atgaggaggands
828 1034 878 1093 e)
915 1031 1070 1078 dalath.
1317 1046 1391 1090 17.
1427 1035 1482 1078 Et
1512 1030 1786 1081 descendens.
2388 1061 2391 1065 -

224 1243 270 1294 v)
294 1243 348 1280 lta
388 1237 551 1279 divisum
577 1237 742 1289 legimus
770 1249 860 1275 cum
886 1238 908 1287 J
950 1237 983 1274 ἃ
1007 1237 1051 1277 Β.
1084 1249 1119 1275 ν.
1153 1235 1294 1276 Matth.
1317 1247 1351 1283 ς,
1387 1249 1446 1282 31.
1500 1248 1581 1278 not.
1615 1238 1651 1278 h.
1680 1240 1714 1278 ὃ(
1750 1251 1833 1290 quae
1869 1238 1916 1276 de
1942 1237 1989 1275 uh
2015 1237 2073 1275 vel
2104 1250 2129 1274 u
2156 1234 2374 1286 euphonico

276 1295 431 1333 uberius
458 1289 595 1330 disserit
628 1291 707 1329 Cel.
735 1292 783 1329 D.
815 1287 939 1339 Praefi's
963 1289 1002 1327 in
1029 1286 1234 1340 specimine
1272 1289 1386 1327 Gloff.
1414 1289 1518 1341 Ulph
1585 1292 1732 1342 Hisque
1757 1305 1869 1343 porro
1902 1289 2122 1328 subiicimus
2150 1288 2370 1327 observatio·

263 1360 342 1400 >nes
362 1342 509 1434 Hickesrl'i
532 1344 577 1382 de
595 1357 618 1380 u
638 1344 671 1382 ἃ
694 1358 711 1381 o
735 1343 986 1395 paragogico,
1023 1341 1162 1393 quibus
1187 1341 1290 1394 apud
1310 1344 1470 1381 Francos
1490 1356 1600 1382 voces
1617 1344 1893 1396 producuntur·
1950 1341 2017 1381 cfr.
2036 1340 2216 1381 Thesaur.
2236 1338 2372 1378 Gram.

273 1401 593 1440 Franco-Timr.
617 1410 651 1446 p.
674 1407 708 1446 9.

224 1457 271 1505 x)
295 1456 416 1491 Locus
437 1450 534 1489 leflu
552 1447 737 1494 difficilis,
764 1446 927 1497 ideoque
955 1460 1034 1485 non
1059 1446 1330 1498 imputandum
1358 1449 1394 1499 J.
1425 1448 1459 1486 ἃ
1485 1449 1525 1486 St
1564 1448 1669 1499 quod
1695 1446 1940 1486 similitudine
1966 1448 2244 1486 elementorum
2272 1446 2374 1485 duffii

277 1507 408 1557 legant
426 1515 531 1547 naar,
560 1515 627 1553 pro
640 1500 739 1552 plat,
768 1500 941 1551 plagula,
976 1498 1252 1546 assumentum,
1289 1500 1423 1541 Sueth.
1450 1499 1552 1552 pldt,
1586 1501 1691 1552 quod
1719 1511 1846 1539 tamen
1873 1499 2099 1539 nostratibus
2126 1514 2205 1538 non
2230 1499 2297 1538 nisi
2326 1499 2374 1537 de

274 1557 444 1602 laminis,
475 1567 557 1606 quae
576 1567 622 1592 ex
638 1553 797 1591 metallis
817 1550 1094 1598 conficiuntur,
1121 1552 1339 1604 usurpatur,
1367 1563 1430 1591 ut:
1453 1552 1574 1603 plata,
1602 1554 1734 1592 thorax
1757 1553 1921 1597 ferreus,
1949 1552 2106 1604 plurari,
2143 1551 2370 1603 lzarng‘fkma—

274 1612 362 1651 kare
381 1608 481 1662 apud
506 1608 541 1644 V
541 1605 610 1644 erel
640 1607 679 1645 in
698 1606 840 1644 Indice.
900 1606 1050 1644 Francis
1067 1618 1154 1644 vero
1171 1606 1317 1644 Helvet.
1348 1607 1383 1644 <Sc
1410 1606 1537 1644 Svevis
1561 1604 1676 1644 blezza
1695 1607 1729 1645 8<
1757 1605 1827 1645 blez
1853 1616 1959 1645 notat
1990 1604 2269 1652 assumentum,
2298 1604 2375 1643 fru-

273 1664 379 1703 stum
394 1665 428 1702 &
448 1661 709 1712 fragmentum
726 1659 842 1711 panni
860 1659 1046 1710 coi-iique:
1075 1658 1156 1697 und
1164 1672 1172 1693 ὲ
1196 1656 1322 1707 blezen,
1343 1656 1459 1707 suere,
1488 1657 1616 1699 sarcire
1635 1660 1705 1699 ἃς.
1725 1672 1762 1699 ν.
1782 1657 1897 1700 Sclzilt.
1917 1656 2033 1698 Gloss.
2046 1660 2158 1698 Teutv
2175 1671 2262 1710 pag.
2280 1669 2372 1700 1200

210 1718 263 1769 y)
287 1716 436 1769 Rec'teJ
468 1715 502 1753 ὅ(
527 1715 572 1755 Β.
604 1727 640 1755 ν.
665 1711 760 1752 infra
788 1725 821 1751 v.
848 1722 907 1757 37.
945 1723 1004 1760 14,
1027 1723 1084 1750 12.
1121 1719 1180 1759 18,
1199 1722 1262 1763 29.

223 1791 259 1842 ¹)
285 1792 310 1843 J
339 1789 432 1828 vitio
448 1798 666 1839 operarum,
695 1783 794 1836 qnitlz
809 1796 877 1834 pro
894 1782 1064 1834 quidum,
1090 1795 1111 1820 a
1128 1780 1293 1833 qaitlzan,
1320 1781 1450 1822 Sueth.
1470 1781 1612 1835 quaeda,
1639 1782 1748 1822 cuius
1767 1782 1907 1835 duplex
1932 1781 1959 1821 si
2019 1780 2177 1830 ificatio,
2213 1795 2288 1834 qua
2305 1782 2373 1821 Ul-

201 1883 210 1890 ,
276 1842 387 1896 philae
408 1851 513 1880 notat
530 1839 633 1878 idem
656 1836 761 1889 quod
787 1835 913 1882 dicere,
940 1835 1051 1888 loqui,
1078 1833 1302 1874 nostratibus
1321 1834 1433 1874 hodie
1451 1848 1611 1882 cantare,
1638 1836 1860 1888 linguarum
1884 1835 1941 1884 stu
1972 1835 2053 1874 iofis
2080 1835 2264 1874 observari
2290 1848 2369 1874 me-

277 1906 400 1936 retur:
430 1893 545 1945 idque
564 1906 608 1931 eo
630 1892 776 1942 magis,
804 1889 910 1941 quod
926 1902 1035 1928 voces
1055 1888 1210 1927 eaedem
1228 1889 1370 1927 ratione
1389 1890 1545 1939 originis
1562 1890 1595 1926 8<
1615 1887 1714 1935 soni,
1751 1888 1815 1928 sua
1844 1902 1931 1928 vero
1950 1899 2102 1935 natura,
2138 1889 2311 1928 locorum
2334 1889 2371 1926 8<

275 1960 498 2000 temporum
519 1945 719 1988 intervallis
738 1953 904 1981 mutatae
916 1972 924 1985 ,
951 1953 1063 1993 atque
1082 1943 1174 1982 adeo
1191 1944 1334 1981 ratione
1352 1940 1582 1993 significatus
1598 1940 1778 1990 diversae,
1815 1952 2017 1981 occurrunt
2033 1940 2188 1993 saepius.
2250 1942 2372 1981 Dictis

281 2001 401 2042 fidem
418 2000 580 2039 fecimus
600 1999 641 2036 in
661 1995 981 2036 observationibus
995 1994 1044 2033 ad
1061 2007 1138 2046 cap.
1163 2008 1191 2041 ῐ,
1216 2002 1274 2041 38.

224 2055 268 2107 τε)
294 2056 356 2094 Sic
372 2052 493 2092 codex
508 2055 658 2101 Argent
693 2050 727 2087 ὅ(
777 2047 802 2086 fi
820 2048 913 2098 quid
932 2046 1083 2102 iudico,
1125 2048 1244 2094 recie5
1283 2058 1374 2084 nam
1399 2044 1577 2084 adiectiva
1600 2045 1810 2098 emphatice
1836 2047 1870 2085 &
1899 2044 2189 2086 demonstrative
2209 2045 2325 2098 posita
2349 2058 2371 2083 a

275 2107 335 2146 vel
357 2121 374 2145 ο
390 2103 662 2158 prostheticum
679 2098 897 2141 adsciscunt.
925 2113 948 2136 v
985 2097 1071 2137 lzdv.
1093 2100 1160 2148 lye
1179 2102 1307 2139 Gram.
1327 2098 1441 2138 Goth.
1465 2112 1501 2150 p.
1521 2100 1654 2139 XLIV.
1712 2101 1832 2151 Supra
1850 2100 1989 2150 legitur
2005 2101 2137 2146 fairni,
2179 2098 2284 2150 quod
2303 2098 2369 2137 ob-

276 2160 430 2199 servavit
456 2159 490 2196 &
510 2155 670 2195 restituit
689 2154 799 2192 Benz.
823 2152 884 2192 hic
911 2162 1039 2191 autem
1058 2154 1193 2191 retinet
1206 2152 1362 2203 sairuji,
1397 2151 1502 2203 quod
1523 2154 1558 2203 J.
1578 2153 1612 2190 8<
1646 2153 1699 2190 St.
1726 2152 1866 2190 habent
1892 2152 2116 2202 utrobique,
2181 2153 2371 2190 Praeterea

274 2226 351 2252 vox
369 2210 532 2250 dialectis
552 2207 726 2246 Gothicis
743 2205 1008 2257 perfrequens,
1037 2206 1122 2243 inde
1141 2207 1279 2257 quippe
1286 2203 1403 2253 fhrn,
1418 2204 1550 2254 form,
1577 2205 1775 2255 antiquus.
1810 2203 1991 2255 priscum,
2015 2203 2239 2254 fornvinur,
2277 2205 2370 2243 ami·

275 2278 341 2304 cus
361 2258 771 2311 veteranus,‚ffir⁷ffl<a,
801 2257 973 2297 vetustas⁴
1034 2256 1147 2296 Verel.
1176 2259 1216 2297 in
1240 2256 1386 2301 Indice,
1425 2254 1711 2307 Anglofisjrn,
1736 2256 1896 2307 fyrnlic,
1932 2258 2139 2301 antestius,
2173 2258 2370 2308 antiquus.

273 2317 462 2369 Helfingis
490 2313 682 2364 hodieque
694 2310 829 2362 fhrnas
848 2310 952 2350 idem
969 2309 1021 2350 est
1036 2311 1142 2362 quod
1147 2310 1286 2362 fjtrnas
1295 2337 1306 2356 ,
1336 2306 1577 2357 obsolescere,
1610 2308 1851 2357 veterascere,
1884 2310 2013 2348 Germ.
2032 2308 2131 2360 firn,
2161 2320 2269 2348 vetus
2297 2310 2409 2349 ἃς,

272 2371 338 2412 cfr.
359 2368 510 2409 stimuli.
529 2365 639 2407 Gloff
666 2363 772 2404 Goth
807 2378 832 2416 p
873 2377 935 2408 40.
2369 2362 2373 2365 f

222 2424 261 2476 ιι)
288 2425 373 2477 J&
392 2424 435 2462 St
467 2418 703 2459 tawidedeina.
745 2417 926 2456 Diximus
952 2414 1060 2466 supra
1085 2428 1119 2454 v.
1142 2421 1199 2457 18.
1221 2427 1299 2466 cap.
1327 2424 1362 2460 ς.

221 2497 258 2549 h)
284 2495 389 2536 Editi
406 2496 452 2540 is,
480 2505 516 2531 v.
542 2492 662 2534 Marc.
688 2500 719 2534 i,
747 2497 814 2535 ιμ’,
849 2496 929 2525 not.
947 2500 988 2526 x·
1043 2484 1117 2524 Sed
1148 2485 1283 2524 lineola
1311 2481 1511 2522 transversa
1541 2481 1568 2522 h
1602 2482 1626 2522 l.
1641 2482 1854 2522 luculenter
1869 2492 2038 2536 apparet,
2072 2470 2234 2537 ideoque
2258 2484 2364 2525 suam

273 2548 396 2590 codici
413 2545 634 2589 leffionem,
660 2538 763 2579 haud
778 2538 1134 2582 inconvenientem,
1159 2537 1372 2577 abiudicare
1390 2537 1598 2584 noluimus.

221 2622 258 2675 ε)
283 2620 388 2661 Editi
404 2618 538 2657 refflus
553 2616 690 2667 legunt
706 2610 1010 2657 tlmirhwakandv,
1037 2624 1057 2649 a
1075 2610 1210 2657 thairh,
1239 2605 1303 2647 M
1312 2638 1322 2656 ,
1357 2622 1434 2660 per,
1454 2611 1548 2649 Luc.
1566 2619 1604 2655 45
1626 2619 1686 2653 30.
1706 2619 1742 2654 ἵ,
1768 2618 1801 2653 5·-
1821 2609 1854 2646 8<
1875 2608 2020 2654 wakan,
2046 2609 2214 2660 vigilare,
2231 2608 2365 2652 sueth,
2402 2646 2405 2649 Δ

271 2674 402 2713 waka:
426 2670 532 2710 unde
551 2668 686 2713 walin,
714 2665 861 2717 vigilia.
892 2664 1020 2703 Sueth.
1041 2664 1146 2711 wak,
1179 2663 1369 2713 wakning,
1406 2661 1529 2700 idem:
1557 2661 1649 2700 item
1680 2660 1802 2707 wakt,
1843 2660 2030 2709 custodia,
2065 2661 2210 2707 wakta,
2243 2661 2362 2702 custo.

272 2723 371 2770 dire,
397 2723 583 2768 witkt‘are‚
610 2718 753 2765 custos,
780 2719 812 2756 ὃ(
833 2718 948 2756 latino
966 2717 1108 2756 bai-bar.
1127 2718 1264 2762 waelae,
1293 2714 1355 2753 cfr.
1378 2712 1535 2753 Glossar.
1554 2716 1732 2755 German.
1753 2728 1792 2766 p.
1818 2726 1914 2764 1799
1985 2714 2131 2754 Cunsta
2153 2711 2252 2753 mffii
2277 2728 2362 2766 pm,

270 2771 372 2818 xime
392 2776 637 2817 deducuntur
660 2787 681 2812 a
698 2771 823 2811 nostro
848 2769 998 2817 walevia,
1022 2768 1248 2821 expergisci;
1290 2767 1363 2806 hoc
1382 2778 1510 2807 autem
1529 2780 1550 2807 a
1567 2768 1737 2820 wakjan‚
1781 2768 1960 2816 excitare,
2003 2767 2110 2820 quod
2128 2764 2290 2820 superest
2316 2768 2360 2809 in

269 2829 472 2882 uswakjaw
503 2828 577 2882 Joh
615 2839 673 2876 ιι,
700 2838 759 2865 Ῑῐ.
788 2823 918 2864 Sueth.
947 2821 1086 2861 waecka.

221 2883 268 2936 d)
293 2886 316 2936 J
350 2886 384 2921 8<
403 2884 443 2921 St
477 2894 514 2919 us
531 2883 589 2924 in,
619 2878 724 2932 quod
743 2878 880 2929 merito
899 2876 1047 2914 exulare
1070 2873 1174 2925 juffit
1191 2875 1278 2913 Rev.
1300 2871 1492 2913 Beuzeltus.

219 2958 258 3009 ο)
283 2954 387 2997 Editi
402 2953 498 2995 reste
518 2951 743 3006 afflaggands.
797 2947 931 2990 Codex
949 2947 1071 2989 noster
1088 2946 1324 2999 geminatam
1339 2943 1452 2986 habet
1480 2923 1662 2998 syllabam
1689 2943 1956 2996 penultimam.
