2473 3380
233 129 292 177 88
886 122 1675 192 EVANGELLUM

235 235 280 278 6.
316 228 512 278 thamma
551 229 739 284 blindin.
769 237 816 299 q)
1363 248 1410 290 6.
1448 245 1589 294 Caeco.

229 310 273 353 9.
297 294 494 358 sumaih.
524 301 572 360 r)
609 300 677 349 St.
707 300 858 349 sumai.
1359 322 1408 364 9.
1446 310 1657 370 Quidam.

230 375 303 409 10.
340 364 676 412 usluknodedun
706 367 803 411 thus
830 364 905 413 tlzo
922 368 964 427 s)
993 385 1178 429 augona.
1361 389 1437 422 10.
1470 374 1791 436 Aperiebantur
1825 379 1906 428 tibi
1950 382 2085 432 ocuii.

227 442 303 488 15.
329 426 605 491 fareisaieis.
631 435 669 491 t)
703 429 756 495 J.
777 433 818 476 ὅ(
849 432 918 480 St.
949 432 1180 485 fareisaieis·
1363 454 1439 493 15'.
1475 440 1691 491 Pharisaei.

223 509 246 557 3
258 509 303 555 3.
340 499 384 541 ni
410 495 604 543 mahtedi
632 514 658 544 v
653 502 685 558 )
715 499 855 560 taujan
886 501 1077 550 niwaiht.
1358 521 1435 567 33,
1470 511 1580 554 Non
1607 507 1747 569 posset
1783 507 1923 559 facere
1953 513 2213 573 quidquam.

222 576 297 620 34.
333 560 424 609 tlzu.
455 564 512 620 x)
550 564 617 611 St.
647 579 707 608 tu.
1115 578 1120 582 ’
1359 587 1434 634 34.
1470 576 1562 625 Tu.

219 642 242 687 3
257 641 298 685 5.
333 629 412 672 thu
434 628 668 693 galaubeis
696 631 744 695 y)
788 632 846 679 du
874 631 1008 680 sunau
1033 634 1140 696 goth
1165 666 1178 683 .
1355 655 1435 701 35.
1472 641 1623 687 Credis
1655 657 1702 688 tu
1733 643 1777 687 in
1801 642 1941 692 filium
1962 644 2079 694 Dei?

213 705 293 752 41.
328 694 394 739 ith
421 711 480 740 nu
509 693 719 759 quitlzitlz.
756 696 805 760 z)
1351 719 1432 767 41.
1468 707 1552 753 Sed
1573 713 1688 754 nunc
1718 709 1876 756 dicitis.

639 767 752 825 Cap.
781 767 842 810 X:
1130 790 1132 792 “
1783 778 1892 836 Cap.
1924 779 1984 822 X:

213 839 259 874 1.
286 826 433 873 thairh
465 826 602 876 daur.
636 833 694 881 St.
722 829 854 881 dauk.
886 832 935 891 a)
1352 852 1395 886 1.
1432 840 1513 883 Per
1536 840 1731 889 ianuam.

212 906 254 951 3,
290 893 368 939 tho
398 895 540 942 lamba
555 896 731 962 stibnai
761 895 806 957 b)
838 900 872 943 is
904 897 1132 961 hausjand.
1349 918 1390 964 3.
1427 907 1541 950 Oves
1571 923 1723 953 vocem
1759 909 1849 956 cius
1878 907 2072 958 audiunt.

204 973 253 1019 7·
289 958 335 1004 ik
356 964 430 1011 im.
451 960 496 1023 c)
532 962 646 1027 Jun.
670 980 757 1011 am.
1342 984 1387 1029 7.
1422 973 1517 1030 Ego
1543 969 1654 1025 sum,

202 1039 254 1085 9.
289 1027 543 1092 ingaggalz.
579 1035 637 1076 St.
660 1027 917 1095 ingaggitlz.
942 1030 990 1091 d)
1028 1059 1031 1062 >
1339 1051 1386 1094 9.
1422 1039 1587 1086 Introit.

207 1107 280 1141 11.
316 1091 481 1138 saiwala
507 1091 621 1140 seina
642 1096 789 1155 lagjith
809 1095 933 1159 faur
960 1095 1004 1158 e)
1035 1095 1192 1148 lambe.
1344 1119 1361 1148 1
1379 1117 1421 1150 1.
1452 1097 1664 1151 'Animam
1692 1103 1814 1153 suam
1833 1109 1961 1168 ponit
1979 1126 2066 1171 pro
2093 1109 2268 1161 ovibus.

204 1171 283 1218 14.
313 1159 386 1220 jah
407 1159 591 1207 kunnun
599 1158 643 1222 f
637 1161 668 1221 )
692 1160 786 1206 mik
805 1163 882 1207 tho
902 1164 1060 1212 meina.
1346 1183 1419 1227 14.
1455 1172 1510 1215 Et
1530 1187 1692 1217 norunt
1713 1189 1783 1218 me
1805 1189 1927 1222 meae.

202 1231 279 1278 18.
316 1227 361 1269 ni
380 1226 579 1283 qhashun
606 1227 763 1272 nimith
784 1228 861 1274 tho
882 1224 1031 1273 afmis
1050 1226 1189 1275 filbin.
1216 1227 1259 1290 '‘)
1343 1248 1358 1278 ι
1374 1242 1419 1289 8.
1456 1238 1554 1280 Nec
1586 1239 1821 1296 quisquam
1848 1236 1992 1287 aufert
2010 1259 2103 1288 eam
2124 1260 2195 1288 me
2217 1239 2337 1304 ipso.

198 1289 258 1336 ib.
291 1291 368 1336 tho
388 1291 576 1338 anabusn
597 1310 696 1338 nam
717 1305 763 1341 at
781 1296 836 1359 g)
849 1296 955 1340 attin
975 1295 1257 1343 meinamma.
1335 1298 1392 1346 ib.
1420 1304 1522 1346 Hoc
1540 1303 1794 1349 mandatum
1822 1309 1966 1366 accepi
1987 1325 2011 1352 a
2029 1323 2150 1368 patre
2176 1325 2294 1357 meo.

199 1370 276 1419 23.
293 1357 366 1419 jah
388 1355 609 1416 qharboda
628 1358 754 1407 iaisus
778 1363 819 1406 in
840 1360 912 1407 alh
934 1362 977 1406 in
999 1360 1190 1410 ubizwai
1207 1360 1257 1422 h)
1335 1380 1416 1427 23.
1451 1370 1505 1412 Et
1523 1367 1773 1415 ambulabat
1790 1368 1910 1433 Jesus
1938 1375 1982 1418 in
2000 1374 2189 1435 templo,
2225 1377 2270 1421 in
2289 1392 2399 1437 por-

202 1432 205 1433 ’
263 1420 571 1474 saulaumonis,
804 1472 807 1474 .
1401 1433 1489 1481 ticu
1525 1434 1787 1484 Salomonis.

2315 1520 2395 1570 27·

242 1604 281 1654 q)
307 1606 341 1656 J.
361 1607 396 1644 ὅ(
419 1607 472 1648 St.
494 1606 648 1646 thamma
666 1606 805 1655 hlindis,
835 1622 936 1660 quae,
973 1610 1102 1650 codice
1130 1613 1163 1651 8<
1184 1616 1430 1665 grammatica
1448 1615 1686 1663 iubentibus,
1720 1616 1990 1668 expunximus.

241 1657 280 1704 r)
305 1672 338 1696 v.
358 1658 465 1711 supra
489 1660 625 1700 eodem
643 1661 715 1699 hoc
734 1661 856 1699 versu:
885 1663 978 1701 item
996 1677 1026 1701 c.
1045 1675 1080 1711 7,
1105 1677 1162 1705 12.
1187 1680 1250 1715 44.
1276 1669 1310 1705 ἃ
1340 1667 1484 1719 paffim.

239 1710 277 1756 S)
305 1711 406 1751 Editi
426 1726 506 1752 non
523 1714 661 1752 habent
679 1716 900 1760 articulum,
929 1729 1046 1767 quem
1067 1719 1181 1757 etiam
1199 1721 1370 1771 primum
1389 1720 1548 1760 omisaffe
1575 1721 1726 1762 videtur
1752 1721 1901 1760 Gothus
1910 1735 1923 1769 3
1960 1719 2096 1760 deinde
2125 1731 2253 1763 autem
2278 1721 2389 1776 supra

294 1764 436 1804 lineam
454 1765 646 1813 adhibuit,
676 1778 790 1818 atque
809 1769 942 1807 iccirco
961 1783 1030 1809 nos
1047 1784 1139 1810 eum
1160 1771 1226 1812 suo
1244 1775 1324 1813 iure
1343 1775 1384 1813 in
1403 1785 1585 1814 contextu
1616 1776 1850 1829 reponimus.

236 1825 273 1863 t)
299 1817 362 1859 cfr.
380 1820 475 1861 Luc.
497 1832 530 1865 ς’,
553 1832 614 1858 21.

235 1869 277 1918 v)
305 1872 361 1913 St.
379 1871 546 1920 maffredi,
575 1886 695 1912 errore
714 1873 866 1915 librarii.
924 1874 1178 1916 Conseruntur
1196 1879 1339 1919 ind1ces
1358 1880 1399 1920 in
1424 1893 1459 1920 v,
1487 1894 1614 1935 magau
1623 1909 1634 1929 ,
1661 1879 1774 1933 poss‘c.

230 1923 278 1969 x)
304 1937 343 1965 v.
373 1922 480 1977 supra
513 1939 544 1964 c.
574 1934 611 1973 8,
631 1938 696 1974 41.

225 1987 256 2024 y
280 1976 346 2015 cfr.
364 1977 411 2016 ad
434 1976 570 2019 Matth.
594 1990 630 2029 9,
652 1986 717 2020 28.
746 1980 946 2033 Supaullo
964 1980 1060 2020 infra
1077 1995 1108 2021 c.
1133 1995 1190 2030 10,
1211 1996 1273 2031 42.
1293 1999 1360 2037 pro
1378 1984 1631 2039 galaubidedun
1657 1985 1770 2026 habet
1781 1980 2042 2037 galaubitedmz.

209 2057 213 2059 <
232 2027 274 2074 z)
302 2030 362 2067 Sic
381 2029 472 2068 editi
487 2031 594 2070 recte.
649 2031 900 2071 Amanuenfis
920 2032 1014 2073 forte
1033 2049 1079 2073 cx
1098 2036 1298 2089 improviso
1328 2038 1532 2090 duplicavit
1564 2037 1745 2091 syllabam
1770 2039 1946 2090 priorem.

232 2077 276 2123 α)
304 2080 411 2120 Idem
433 2084 513 2121 vitii
532 2081 698 2123 observes
716 2084 820 2122 versu
838 2084 1009 2136 sequenti
1034 2089 1134 2140 apud
1153 2091 1204 2129 St.
1227 2091 1442 2130 emendavit
1467 2102 1596 2130 autem
1614 2093 1654 2130 in
1674 2091 1812 2132 indice.
2097 2141 2106 2150 .

231 2127 270 2180 b)
297 2135 331 2187 J
352 2137 386 2175 δι’
403 2136 453 2175 St.
470 2134 581 2184 stibna
590 2151 605 2181 ,·
630 2134 681 2175 est
699 2151 785 2176 vero
805 2138 906 2177 verbi
925 2140 1070 2190 hausjan
1087 2141 1318 2194 frequentior
1344 2143 1570 2183 construfflo
1594 2158 1685 2183 cum
1705 2143 1788 2181 casu
1816 2143 1946 2182 tertio:
1983 2140 2068 2181 vide
2095 2142 2251 2182 mter-Im
2275 2139 2375 2190 Luc.

283 2202 318 2234 2,
338 2201 401 2227 20.
421 2200 483 2235 47.
509 2201 568 2235 15,
588 2201 649 2235 25.
679 2192 736 2236 16,
760 2205 795 2230 2.
849 2194 907 2230 De
917 2191 1034 2242 stibna
1050 2208 1161 2245 porro
1182 2196 1333 2235 coniule
1355 2197 1584 2234 Waclnerum
1600 2199 1641 2235 in
1663 2195 1818 2238 Gloffar.
1844 2193 1976 2233 Germ.
1997 2195 2031 2232 ἅ
2058 2207 2090 2234 v.
2102 2194 2239 2246 stimm.

227 2236 260 2287 c)
288 2241 409 2292 Angli
426 2240 558 2280 dicunt
569 2255 593 2288 y
613 2255 686 2289 am,
716 2243 838 2289 idem}
868 2243 983 2296 idque
1004 2244 1077 2284 fine
1097 2248 1214 2287 dubio
1232 2249 1470 2302 typothetam
1486 2249 1597 2298 Junii
1612 2251 1653 2289 in
1672 2261 1836 2288 errorem
1863 2247 2030 2287 induxit.

229 2289 285 2339 d)
312 2295 492 2334 Diximus
524 2294 659 2334 Matth.
685 2307 720 2341 7,
745 2309 804 2340 13.
825 2296 871 2336 ad
898 2311 931 2336 v.
949 2299 1280 2351 ingaleitlzandans.

234 2343 270 2392 e)
294 2347 334 2398 J.
354 2348 387 2385 ὅ(
407 2347 610 2398 St.fc1ura,
639 2345 734 2394 ‹iz-d,
763 2346 846 2398 πςὸ,
876 2342 1086 2399 {georgos-9511,
1130 2348 1283 2401 ἐνώπιον,
1312 2354 1346 2391 ὅ(
1365 2354 1416 2391 ita
1442 2355 1557 2392 etiam
1583 2353 1680 2393 infra
1710 2368 1749 2395 v.
1770 2363 1830 2402 15.
1887 2351 2022 2392 Codex
2045 2351 2080 2391 ἃ
2099 2351 2143 2394 Β.
2169 2352 2375 2406 utrobique

277 2400 412 2439 rectius
427 2399 545 2450 faur,
573 2400 667 2449 ν’πὲς.
699 2415 733 2440 v.
755 2402 843 2440 edit.
865 2404 960 2440 L‘enz
994 2416 1079 2454 pag.
1105 2415 1193 2455 329.

212 2446 272 2526 ζ)
301 2451 423 2491 Iidem
441 2453 538 2491 maie
554 2452 695 2490 kunnou
744 2468 776 2492 v.
801 2453 904 2506 supra
924 2468 954 2493 c.
978 2463 1011 2502 8,
1032 2467 1093 2502 55‘.

245 2500 263 2551 )
288 2503 511 2545 Genuinam
530 2505 667 2550 codicis
686 2510 853 2558 argentei
872 2508 1072 2547 lectionem
1091 2509 1335 2558 exhibemus,
1373 2524 1457 2550 eam
1473 2525 1561 2551 vero
1579 2512 1620 2551 in
1644 2510 1679 2551 se
1699 2513 1734 2551 8<
1754 2510 1820 2553 suo
1836 2524 1940 2551 nexu
1966 2509 2236 2552 consideratam
2253 2513 2368 2552 mmi-

272 2558 352 2597 lam
375 2559 466 2606 effe,
490 2569 576 2597 ante
591 2572 659 2598 nos
677 2559 917 2600 observarunt
936 2563 1020 2600 Rev.
1043 2562 1228 2611 b'enzelius,
1255 2563 1374 2602 Thom.
1394 2564 1657 2616 Marefiltallus,
1678 2579 1747 2605 nec
1763 2579 1843 2606 non
1860 2565 2010 2615 Mimas,
2030 2565 2056 2609 l.
2077 2577 2108 2606 c.
2125 2579 2164 2618 p.
2180 2579 2234 2608 m.
2255 2576 2346 2612 217.

217 2610 265 2662 g)
286 2612 348 2650 Sic
364 2613 461 2651 reste
489 2626 521 2650 v.
541 2614 660 2651 Marc.
685 2626 742 2660 15,
762 2626 822 2661 45.
844 2614 934 2652 editi
960 2613 1100 2653 habent
1118 2613 1164 2657 hi.

220 2661 264 2712 h)
292 2667 425 2707 Codex
441 2664 565 2704 noster
581 2668 613 2704 ὃ(
636 2668 807 2719 exempla
831 2667 1000 2718 impr-effa
1018 2669 1138 2707 amice
1163 2668 1375 2721 conspirant
1397 2669 1444 2710 ad
1469 2670 1566 2710 hane
1592 2684 1725 2711 vocem
1754 2671 2065 2720 conservandam,
2102 2683 2208 2722 quae,
2243 2670 2368 2711 nescio

273 2722 381 2759 cuius
399 2717 660 2771 intempestiva
676 2718 832 2758 sollertia
853 2721 999 2767 vitiata,
1025 2721 1070 2759 ab
1090 2735 1167 2761 non
1191 2724 1305 2761 nullis
1323 2723 1462 2775 legitur
1479 2723 1623 2772 uffizali,
1652 2736 1765 2777 atque
1785 2726 1888 2764 idem
1908 2735 2038 2765 notare
2052 2723 2299 2772 existimatur
2322 2737 2366 2763 ac

278 2771 442 2824 Upfizlia;
475 2773 582 2811 cadet
600 2783 728 2812 autem
747 2772 824 2812 haec
846 2772 920 2825 ipffi
938 2776 1126 2825 corruptio
1153 2775 1220 2814 sub
1247 2777 1376 2815 oculos
1401 2777 1573 2816 codicem
1599 2776 1798 2831 inspeciuri
1826 2792 1870 2817 eo
1897 2779 2025 2824 citius,
2064 2789 2141 2828 quo
2168 2778 2288 2816 maior
2312 2775 2365 2838 eil:

271 2824 481 2864 differentia
499 2826 702 2865 Gothicam
719 2825 902 2865 vetustam
928 2828 1075 2865 inter&
1107 2830 1357 2868 recentiorem
1382 2830 1590 2882 pisturann
1630 2845 1784 2883 quoque
1812 2831 2060 2870 luculentiora
2083 2828 2237 2881 vestigia
2268 2840 2362 2869 anti-

272 2879 453 2929 quiorum
469 2881 682 2926 literarum,
713 2893 796 2931 quae
813 2879 993 2918 audacula
1012 2892 1149 2919 manus
1170 2881 1289 2921 delere
1316 2884 1484 2935 nequiit,
1519 2883 1644 2922 adhuc
1669 2883 1874 2937 supersunt.
1904 2884 1907 2885 ⁷
1937 2882 2074 2941 Fidem
2106 2882 2212 2922 dietis
2237 2881 2359 2929 faciet,

271 2932 493 2982 quicunque
512 2932 654 2970 librum
671 2933 794 2985 ipsum
811 2933 930 2971 oculis
950 2929 1126 2984 usurpare
1144 2936 1322 2976 voluerit:
1352 2935 1565 2976 conferatur
1583 2935 1733 2990 insuper
1762 2935 1944 2976 Waclzter.
1963 2936 2077 2976 Gloss.
2109 2937 2236 2987 Germ.
2257 2936 2299 2975 in
2323 2947 2359 2976 v.

273 2982 388 3036 Upfhl.
444 2985 697 3036 Ceteroquin,
734 2985 828 3038 quid
847 2986 947 3026 vocis
966 2983 1009 3025 fit
1024 2984 1193 3036 ubizwai,
1221 2989 1400 3041 ignorant
1426 2987 1709 3042 Glossograpbi.
