2473 3380
721 126 1307 189 DISSERTATIO
1368 133 1728 204 ALTERA,

111 331 1009 435 NOMINIBUS
1160 256 2323 522 {ZUBSTANTlvls

374 552 984 628 ADIECTIVIS
1040 557 2055 637 MOESOGOTHORUM.

929 836 1469 906 PRAEFATIQ

97 950 367 1054 Postquam
390 954 614 1022 peculiari
640 949 963 1020 diffirtatione,
1005 972 1189 1008 annexa
1218 957 1473 1023 fragmentis
1501 957 1774 1024 Ulphilanis,
1811 959 2056 1018 dominam
2083 964 2134 1017 de
2158 964 2316 1017 verbo-³

204 1042 308 1075 rum
325 1018 757 1090 Moefhgothicorunz
775 1026 992 1092 flexione,
1014 1025 1371 1085 luculentiorem,
1408 1045 1546 1093 quam
1566 1042 1699 1080 antea
1720 1034 1902 1082 tradita
1914 1032 2040 1098 fuit,
2063 1032 2232 1102 sistere,
2265 1034 2317 1081 in

98 1096 298 1142 animum
318 1090 511 1145 induxi,
543 1092 728 1155 illosque
752 1104 938 1140 conatus
965 1094 1164 1141 eruditis
1185 1098 1367 1160 penitus
1396 1112 1482 1144 non
1516 1097 1804 1161 disphcuffi,
1837 1101 2164 1159 animadverti,
2183 1101 2316 1166 fimi·

96 1159 182 1208 lem
210 1172 391 1223 operam
421 1156 671 1207 noininibuc
684 1156 982 1221 ficbstantivis
1011 1161 1061 1211 (θ’
1087 1160 1334 1211 adtentivis
1369 1178 1455 1210 non
1488 1167 1637 1213 minuc
1665 1166 1840 1215 utiliter
1874 1168 2070 1233 impendi
2103 1168 2315 1224 iudicavi,

91 1223 376 1293 proefirtim,
411 1241 546 1291 quum
565 1218 693 1273 haud
713 1238 859 1290 pauca
884 1229 930 1274 in
958 1242 1085 1290 opere
1103 1221 1368 1276 Hickesiano
1389 1233 1700 1290 inveniantur,
1732 1248 1833 1298 quoe
1856 1238 2032 1293 partim
2056 1235 2314 1302 illustratio-

95 1308 172 1352 ne,
209 1297 389 1359 partim
419 1296 557 1341 etiam
587 1291 883 1341 emendatione
915 1294 1165 1360 indigeant.
1242 1289 1438 1344 Tantum
1469 1313 1574 1346 vero
1598 1297 1733 1365 abest,
1775 1313 1827 1350 ιιι
1858 1302 1936 1351 hoc
1963 1298 2055 1368 ipso
2087 1300 2311 1359 laudibus.

81 1358 253 1425 „quibus
271 1357 494 1407 thesaurus
519 1359 644 1408 illius
660 1354 912 1420 linguarum
933 1356 1337 1421 septentrionalium
1359 1380 1448 1429 per
1475 1363 1726 1427 univetficm
1746 1366 1903 1429 orbem
1921 1369 2207 1419 litterarium
2226 1384 2311 1418 ex-

93 1439 246 1492 ceptus
272 1430 352 1494 est,
387 1425 631 1490 quidquam
659 1425 903 1473 detractum
930 1426 1086 1483 velim,
1121 1439 1171 1475 ut
1192 1432 1348 1495 potius
1372 1434 1467 1479 viri
1488 1429 1846 1501 perspicactffimi
1876 1434 2143 1502 industriam
2171 1436 2312 1485 nullis

92 1508 290 1560 unquam
315 1496 556 1559 proeconiis
572 1489 694 1555 satis
718 1489 879 1558 efferri
894 1491 1036 1558 poſje,
1070 1493 1192 1542 ultro
1225 1497 1458 1561 confitear,
1492 1510 1643 1564 utpote
1669 1505 1746 1564 qui
1775 1516 1984 1568 campum
2006 1500 2224 1568 ingreffus
2240 1503 2310 1572 cst,

80 1577 220 1627 vquem
239 1573 290 1610 ut
313 1563 449 1609 nimis
465 1555 744 1622 salebrosum
771 1557 1137 1622 reformidarunt
1162 1562 1347 1627 singuli,
1382 1567 1460 1629 qui
1487 1578 1589 1614 ante
1606 1566 1736 1615 illum
1754 1564 1848 1617 ha’c
1858 1568 2018 1637 studia
2036 1577 2306 1619 tractarunt.

93 1629 373 1694 Quinimmo
394 1622 658 1692 persuasum
678 1617 835 1682 habeo,
869 1627 951 1690 nss
969 1643 1065 1675 eum
1087 1625 1329 1692 turbaffcnt
1348 1628 1517 1696 vitiosoe
1537 1633 1756 1691 lectiones,
1790 1637 1947 1699 quibus
1959 1634 2138 1701 statem
2154 1652 2306 1686 exem-

82 1698 168 1764 pla
191 1694 354 1741 codicis
374 1694 566 1754 argentei
585 1694 770 1755 Juniana
791 1694 840 1744 65³
857 1694 1248 1752 Stiernhielmiana‚
1256 1694 1481 1758 futurum
1497 1697 1659 1762 suff,
1693 1712 1743 1749 ut
1759 1700 1943 1752 certiori
1958 1704 2070 1768 pede
2087 1701 2308 1771 ingreffus

86 1760 202 1827 effet.
271 1756 398 1809 Mihi
422 1776 556 1824 quum
575 1759 625 1809 Εἴ
641 1755 783 1824 ipficm
801 1760 988 1810 codicem
1008 1759 1166 1826 ubique
1186 1761 1406 1826 considere
1433 1763 1635 1823 licuerit,
1671 1769 1720 1818 Εἴ
1739 1772 1860 1817 viam
1888 1764 2004 1820 hanc
2031 1770 2210 1836 irfiiper
2228 1787 2307 1820 ex-

80 1828 348 1896 peditiorem
376 1823 631 1875 reddiderit
659 1825 880 1896 industria
903 1826 1015 1877 Edv.
1041 1828 1133 1891 Lye
1164 1829 1214 1880 ἔθ’
1240 1831 1467 1879 Lamberti
1497 1835 1597 1880 Ten
1628 1838 1754 1893 Rene,
1788 1840 1937 1887 minus
1966 1839 2164 1888 arduum
2186 1836 2306 1901 fuit,

84 1896 272 1947 illorum
298 1897 493 1948 inventis
511 1892 692 1959 aliquid
714 1892 891 1943 addere.
958 1894 1022 1943 ld
1045 1911 1184 1944 unum
1210 1909 1358 1947 autem
1387 1915 1567 1959 vereor,
1601 1918 1654 1952 ne
1678 1903 1832 1953 teaort
1856 1920 1948 1955 meo
1972 1904 2152 1962 videar,
2168 1903 2306 1967 sche-

3 2000 11 2008 .
83 1976 209 2014 mata
229 1961 487 2031 flexionum
507 1963 646 2009 nimio
662 1959 832 2027 plura,
864 1978 999 2028 quam
1018 1960 1135 2025 latis
1153 1976 1275 2023 erat,
1304 1966 1552 2035 congeffiffi.
1623 1969 1719 2018 Sed
1730 1987 1865 2035 quum
1885 1970 1938 2021 id
1951 1975 1998 2021 in
2020 1975 2191 2038 primis
2208 1987 2301 2038 ege-

80 2035 187 2088 rim,
197 2043 248 2079 ut
270 2027 401 2078 huius
411 2030 582 2095 linguae
591 2027 872 2078 amatoribus
890 2047 1025 2096 quam
1035 2028 1273 2095 facillima
1291 2035 1494 2083 methodo
1514 2035 1639 2084 illius
1652 2042 1835 2103 genium
1860 2037 2135 2107 ostenderem,
2155 2034 2301 2102 latius

79 2096 194 2148 milti
211 2092 350 2162 vg'sicm
363 2091 479 2160 fuit,
498 2111 658 2154 omnes,
674 2112 773 2161 quoe
795 2100 842 2146 in
865 2098 1025 2165 lingua
1044 2099 1369 2165 Moesogotlzica
1392 2116 1660 2160 occurrunt,
1693 2120 1845 2153 vocum
1865 2110 2199 2154 terminationes
2224 2104 2303 2154 ad-

69 2163 233 2231 ferre,
267 2177 317 2213 ut
345 2167 411 2213 ita
439 2163 724 2227 ostenderem,
759 2168 806 2212 in
837 2181 965 2230 quem
997 2165 1174 2215 modum
1188 2168 1388 2234 singula»
1404 2171 1673 2234 fletiantur,
1708 2187 1866 2235 quam,
1904 2184 1956 2220 ut
1981 2170 2131 2222 brevis
2162 2169 2299 2234 cffi’m,

77 2249 165 2283 uno
185 2228 314 2296 faste
343 2228 521 2294 diversa
555 2229 936 2296 comprehendere.
1011 2233 1166 2296 Quum
1187 2249 1290 2283 vero
1321 2251 1383 2285 ex
1402 2236 1550 2282 codice
1572 2251 1776 2298 argenteo
1793 2273 1804 2293 ‚
1839 2236 1947 2286 adeo
1962 2243 2149 2305 exiguae
2168 2239 2301 2287 molis

75 2298 251 2364 libello,
285 2298 505 2362 universa*
521 2298 694 2364 linguae
712 2302 881 2365 copiam
901 2297 1153 2365 exspectare
1173 2316 1259 2350 non
1279 2301 1429 2358 liceat3
1465 2302 1518 2350 id
1533 2303 1643 2350 milzz·
1658 2300 1821 2368 fhmfi,
1851 2314 1901 2350 ut
1919 2302 1996 2353 ubi
2019 2321 2135 2354 unus
2160 2304 2299 2354 alter-

76 2383 126 2417 ve
144 2370 190 2414 in
207 2369 379 2415 nomine
392 2374 415 2423 ‚'
432 2381 523 2431 pro
540 2365 747 2431 exemplo
770 2368 935 2425 allato,
971 2365 1115 2430 defuit
1145 2367 1290 2432 casin,
1325 2371 1457 2418 illum
1484 2371 1555 2418 vel
1584 2387 1648 2418 ex
1673 2371 1780 2418 aliis
1811 2368 2002 2419 eiusdem
2030 2373 2212 2438 generis
2246 2370 2297 2421 &

77 2436 412 2483 terminationis
430 2432 621 2491 vocibus,
641 2434 713 2481 vel
732 2450 793 2483 ex
810 2446 934 2483 certa
955 2436 1168 2501 analogia
1183 2434 1467 2501 supplerem.
1505 2437 1559 2484 ln
1580 2431 1697 2485 hunc
1715 2438 1857 2504 finem
1879 2437 2059 2488 cuilibet
2072 2436 2298 2504 schemati

59 2499 293 2566 stibizmxi
316 2497 445 2550 haud
459 2515 612 2565 pauca
638 2501 829 2550 eiusdem
858 2503 996 2571 claffis
1019 2502 1255 2562 vocabula,
1291 2515 1340 2552 ut
1360 2506 1530 2553 certius
1559 2503 1807 2554 diiudicari
1827 2507 1978 2576 poffic,
2010 2523 2093 2572 quo
2113 2502 2296 2571 fiendae
2326 2564 2330 2566 ,

17 2626 19 2628 ¹
75 2580 222 2618 mento
255 2584 286 2616 a
319 2584 384 2617 me
418 2568 560 2618 allata
592 2570 818 2621 nitantur.
1110 2580 1113 2583 *
1365 2580 1368 2584 ’

213 2702 283 2754 Tu
318 2717 445 2759 vero,
478 2700 631 2762 lector,
671 2703 1040 2770 grammaticales
1073 2705 1179 2763 has,
1213 2707 1502 2770 quantumvis
1532 2699 1763 2772 exsicccas,
1799 2705 2123 2772 observationes
2143 2707 2295 2775 aliquo

72 2769 121 2821 in
156 2783 341 2821 munero
373 2767 574 2827 habebis,
591 2771 640 2833 st
662 2776 936 2830 memineris,
971 2771 1131 2838 abique
1165 2774 1393 2838 illis-fieri
1424 2791 1510 2823 non
1538 2774 1674 2839 pff,
1709 2787 1759 2839 ut
1791 2777 1962 2841 lingua’
1998 2777 2134 2840 ipsius
2165 2777 2295 2824 inda-

67 2839 155 2888 lem
181 2834 509 2906 cognoscamus,
554 2826 746 2902 mihique
773 2841 970 2903 aliquam
998 2844 1206 2906 gratiam
1226 2838 1358 2903 force
1390 2831 1638 2890 habendam
1658 2840 1906 2897 iudicabis,
1935 2843 1985 2908 fi
2003 2844 2288 2907 compererit,

67 2918 202 2971 quam
235 2904 408 2976 difficili
438 2902 649 2969 indagine
677 2903 789 2955 milti
820 2922 931 2972 opus
950 2904 1130 2970 fuerit,
1166 2916 1404 2971 antequam
1414 2908 1628 2975 fingula,
1660 2911 1707 2957 in
1730 2908 1952 2970 ordinem,
1986 2926 2111 2975 quem
2144 2908 2286 2966 vider,

1202 2976 1239 3020 E
1263 2990 1285 3020 e
1324 2988 1348 3034 3
2162 2977 2287 3044 dige-
