2473 3380
158 190 256 240 144
366 165 676 220 DISSERT.
712 162 816 216 DE
853 146 1271 215 ORIGINIBUS
1307 157 1366 207 L.
1402 156 1689 210 LATINAE
1722 154 2138 217 ETGRAECAE,

154 283 323 334 hostem
342 281 515 343 pellere,
547 276 663 325 hosti
684 276 867 337 fugienti
884 273 1084 320 insistere,
1141 271 1377 331 Speciatim
1398 285 1502 315 vero
1523 267 1627 318 reka
1647 267 1880 331 usurpatur
1901 271 1952 316 de
1973 272 2050 327 iis,
2087 271 2163 329 qui
2182 270 2225 317 in
2246 272 2363 318 mari

152 351 358 414 procellis
379 348 595 406 undisque
613 342 885 391 volventibus
902 338 1136 401 jaCiantur,
1172 336 1287 384 unde
1309 333 1505 401 rekstur,
1537 333 1813 382 eieE‘camenta
1843 339 1974 383 maris
2000 339 2045 383 in
2064 338 2205 394 littus,
2240 338 2357 384 bona

154 414 492 476 naufragorum,
529 428 624 471 quae
653 413 698 454 in
724 407 846 472 Jure
873 403 1020 450 nostro
1042 404 1255 469 Birce7fi‚
1283 419 1378 463 cap.
1391 417 1474 462 49.
1495 399 1682 463 llafteclz
1706 403 1915 463 appellari
1935 404 2145 449 videmus
2213 406 2269 449 Et
2298 405 2358 449 ita

155 481 319 531 constat
339 478 478 535 facile,
514 495 595 537 qua
617 476 783 534 origine
803 486 954 516 natum
974 470 1022 516 {it
1040 471 1150 516 illud
1169 467 1376 517 hagienus
1399 468 1728 528 inexplicatum,
1761 465 1966 532 birekjai,
1999 470 2118 529 quod
2145 472 2188 515 in
2210 469 2359 515 codice

153 564 357 611 argenteo
381 547 432 592 de
455 541 677 602 discipulis
698 536 871 594 Christi,
893 533 1174 598 naufragium
1195 537 1354 591 veritis,
1368 537 1569 589 occurrit,
1592 537 1698 581 Luc.
1715 541 1755 591 8,
1770 550 1849 595 23.
1884 533 1983 600 Jalz
2003 535 2193 599 birekjai
2212 550 2359 582 waur-

156 615 283 671 thun,
305 614 471 674 quippe
493 607 611 667 quod
633 621 728 653 tuto
750 604 948 665 explices,
968 604 1009 649 ὃ(
1030 604 1155 648 undis
1174 604 1358 664 graviter
1375 598 1655 648 iaciebantur.
1691 601 1853 655 Hodie,
1874 620 1910 646 w
1930 600 2176 662 praeposito,
2190 601 2362 650 wroeka

157 684 368 737 dicimus,
403 673 572 723 wroeka
599 671 702 721 bort
722 673 959 733 proiicere,
988 669 1162 718 wroeka
1191 667 1409 733 tilllzopa‚
1440 668 1484 712 in
1507 683 1645 712 unum
1667 682 1919 726 congerere:
1951 669 2065 713 unde
2085 668 2188 713 alias
2210 669 2359 714 docui-

155 765 254 796 mus
283 758 548 806 prognatum
576 738 837 786 vocabulum
864 736 972 781 illud
1002 738 1109 794 iuris
1136 737 1347 782 maritimi
1373 749 1538 790 worn,
1571 732 1691 793 quod
1720 733 1787 777 ius
1808 737 1954 782 vareci
1975 734 2105 779 latine
2133 734 2360 792 loquentes

157 815 297 861 dicere
317 809 466 865 solent,
500 808 760 865 denotatquc
781 806 848 850 ius
871 803 993 859 illud,
1027 803 1146 863 quod
1171 805 1215 848 in
1235 801 1347 848 bona
1373 797 1685 861 naufragorum
1708 798 1927 844 littoribus
1947 798 2199 855 adnatanria,
2237 801 2359 846 terri-

156 882 259 927 torii
282 878 489 924 dominus
507 873 586 920 fibi
606 873 805 918 vindicat.
873 868 1043 915 Poffem
1076 870 1192 917 idem
1224 868 1444 915 ostendere
1474 867 1523 911 de
1546 883 1651 912 voce
1670 869 1928 929 porrigere,
1961 867 2126 925 quippe
2153 883 2247 924 quae
2270 883 2361 912 non

158 964 250 993 orta
272 963 294 991 a
313 942 517 1003 regendo,
536 938 606 985 sed
627 938 680 984 ab
699 937 854 983 eodem
876 933 997 981 fonte
1023 954 1110 996 quo
1124 937 1201 986 Gr.
1225 948 1361 998 5367÷W‚
1380 934 1543 992 (uniant
1565 934 1681 977 enim
1701 931 1907 976 Hellenes
1928 948 1953 975 o
1973 933 2246 991 prazmittcre,
2269 948 2306 978 e.
2320 949 2362 992 g,
2378 970 2389 991 ,

153 1017 312 1065 ἐὲἐντες,
359 1010 527 1062 dentes,
561 1009 627 1055 Sv.
648 1005 779 1060 tund,
814 1007 943 1063 aiom,
981 1020 1161 1059 nomen,
1197 1010 1360 1057 namn,
1396 1005 1515 1052 ἕνεὼς
1540 999 1679 1045 Goth.
1708 997 1833 1052 mid,
1866 998 1955 1045 nid,
2001 996 2142 1057 Ulph.
2174 1000 2364 1056 naitein)

159 1078 202 1123 ἃ
224 1074 476 1138 Scythicum
497 1071 663 1128 ra’cka,
700 1070 820 1130 quod
840 1069 1033 1116 eiusdem
1051 1068 1372 1130 fignificationis
1392 1066 1461 1123 est,
1498 1064 1639 1125 Ulph.
1660 1063 1839 1126 rakjmz,
1867 1063 1982 1109 unde
2002 1061 2236 1126 chrczlzjun.
2280 1064 2364 1109 Sed

158 1160 213 1190 ne
231 1143 403 1187 Latium
424 1156 554 1185 omne
580 1140 624 1183 in
644 1136 796 1182 orbem
817 1137 1071 1198 Scythicum
1092 1132 1323 1182 transferre
1340 1133 1470 1187 vel-le,
1507 1129 1733 1184 existimer,
1763 1130 1881 1175 hisce
1903 1129 2086 1174 modum
2105 1126 2284 1175 faciam:
2322 1129 2368 1177 &

160 1211 206 1255 in
227 1210 371 1267 lingua
392 1208 540 1251 Graeca
562 1201 786 1248 insolitum
807 1218 858 1246 ne
880 1200 1175 1260 deprehendat
1193 1192 1491 1260 leffifiif'in'eus,
1526 1198 1571 1242 id
1598 1197 1812 1250 invenire,
1845 1196 1964 1253 quod
1982 1195 2148 1256 Scythae
2169 1195 2243 1241 fibi
2270 1198 2364 1241 vin-

160 1276 301 1322 dicare
321 1271 478 1329 aufint3
509 1268 768 1328 subiungam
790 1267 846 1312 ob
874 1268 1063 1312 materiae
1086 1266 1388 1327 cognationem
1409 1277 1716 1323 programma,
1753 1261 1872 1319 quod
1904 1260 2022 1305 haud
2044 1261 2210 1307 dudum
2233 1262 2367 1318 edidi,

160 1343 269 1388 dum
296 1336 607 1385 Profeffioncm
638 1337 898 1379 Litterarum
926 1335 1177 1378 Graecarum
1203 1332 1255 1376 ad
1284 1332 1394 1376 hanc
1421 1329 1700 1375 Academiam
1729 1324 2022 1386 auspicaretur
2050 1327 2115 1370 vir
2144 1328 2365 1373 celeberri-

159 1425 280 1462 mus,
311 1408 450 1454 Dom.
472 1401 581 1469 Jle.
603 1400 843 1455 Floo'erm,
880 1400 1011 1459 idque
1030 1399 1096 1445 vel
1116 1416 1168 1445 eo
1193 1399 1372 1446 nomine
1393 1394 1634 1452 lubentius,
1670 1393 1791 1458 quod
1814 1392 2031 1440 eiusmodi
2052 1393 2255 1441 chartulae
2277 1395 2365 1441 cito

160 1492 182 1520 e
204 1469 545 1521 manibus'elabi
571 1470 611 1515 dc
632 1465 844 1530 disparere
871 1464 1022 1514 solent.
1391 1469 1396 1476 ⁴
1950 1480 1956 1483 ·

363 1538 687 1597 „Harmoniam
717 1536 832 1585 illam
848 1571 861 1596 ‚
895 1551 991 1596 quae
1022 1535 1131 1580 inter
1157 1534 1324 1594 linguas
1347 1534 1543 1579 Graecam
1571 1529 1612 1576 &
1634 1527 1870 1575 Gothicam
1893 1526 2138 1582 intercedit,
2175 1544 2262 1573 non
2284 1539 2377 1589 po-v

162 1623 338 1657 tuerunt
371 1624 458 1653 non
486 1622 637 1653 omnes
666 1601 914 1659 observare,
951 1603 1026 1661 qui
1056 1601 1222 1660 aliquid
1247 1601 1419 1646 illarum
1447 1598 1511 1644 vel
1539 1593 1812 1657 primoribus
1840 1593 1969 1639 labris
1997 1590 2261 1644 delibarunt:
2295 1592 2368 1640 sed

163 1678 336 1724 cuinam
366 1671 510 1723 cauffae
536 1686 769 1719 concentus
799 1669 869 1714 ille
897 1668 945 1714 fit
971 1665 1277 1728 adsignandus,
1307 1683 1425 1725 ecque
1453 1681 1541 1710 non
1562 1660 1733 1708 constat.
1802 1662 1952 1705 Maior
1981 1675 2091 1704 certe
2113 1658 2193 1713 est,
2232 1677 2369 1718 quam

163 1758 214 1790 ut
244 1758 366 1787 mero
392 1737 506 1784 casui
532 1737 740 1796 adsignari
762 1749 908 1793 queat:
943 1735 1084 1779 dicere
1103 1748 1270 1788 autem,
1307 1751 1329 1777 a
1348 1732 1510 1777 Graecis
1537 1745 1616 1774 nos
1637 1727 1784 1772 omnia
1813 1725 1883 1770 illa
1905 1726 2180 1770 commodata
2198 1725 2372 1784 habere,

167 1825 262 1870 quae
293 1822 393 1853 cum
426 1805 603 1850 illorum
622 1801 819 1847 sermone
837 1798 1089 1845 affinitatem
1108 1798 1288 1859 habent,
1321 1799 1413 1843 eius
1435 1795 1566 1841 solius
1586 1791 1720 1847 foret,
1758 1793 1833 1850 qui
1860 1788 2103 1836 universam
2132 1792 2370 1839 Gothicam

165 1889 340 1937 gentem
366 1872 584 1932 elinguem
615 1866 849 1927 aliquando
875 1862 1020 1922 fuiffe,
1057 1864 1267 1921 crederet,
1305 1878 1378 1910 aut
1408 1863 1536 1908 etiam
1557 1857 1812 1905 Gothorum
1834 1858 2160 1917 progenitores,
2197 1859 2372 1904 GraecOae

165 1956 356 1999 rumque
382 1940 427 1983 in
456 1937 662 1998 plurimis
687 1932 871 1997 scientiis
902 1929 1152 1991 magistros,
1188 1930 1390 1992 Scythas,
1418 1945 1471 1973 ne
1489 1927 1734 1986 digitorum
1761 1923 1944 1981 quidem
1966 1919 2144 1968 suorum
2164 1924 2370 1972 articulos

166 2022 395 2054 numerare
411 2001 609 2066 potuisse,
643 2015 871 2059 antequam
894 1999 947 2044 ab
968 1998 1148 2043 illorum
1166 2005 1221 2053 εἷς,
1250 2000 1323 2053 δὺο,
1347 2005 1446 2056 τρεῖς,
1482 2008 1554 2049 aut
1574 1991 1833 2040 Latinorum
1861 2004 1988 2043 unus,
2023 1988 2121 2043 cluo,
2157 2002 2262 2046 tres,
2280 1992 2372 2050 pri-

166 2091 266 2120 rnos
296 2074 378 2118 hos
407 2070 594 2117 calculos
613 2064 800 2129 ponere]
836 2062 1096 2121 didiciffent3
1133 2064 1289 2115 imm0,
1322 2061 1386 2105 uti
1406 2061 1473 2104 vir
1487 2059 1682 2104 eruditus
1707 2057 1778 2111 ait,
1814 2054 1934 2099 nullo
1955 2065 2029 2099 eos
2050 2056 2262 2115 proprio,
2297 2054 2370 2102 sed

166 2156 335 2187 tantum
363 2152 538 2197 accepto
557 2135 609 2181 ab
636 2135 703 2179 his
729 2132 866 2178 multo
888 2129 1134 2176 iunioribus
1163 2126 1365 2189 gentibus
1387 2127 1566 2171 nomine
1583 2161 1592 2179 ‚
1610 2134 1787 2186 patrem
1808 2118 1933 2166 suum
1955 2132 2202 2169 matremve
2223 2122 2370 2182 appel-

166 2207 254 2252 lare
283 2201 483 2266 potuisse.
528 2198 753 2247 Absonum
779 2199 863 2244 hoc
891 2195 996 2252 effe,
1028 2211 1076 2241 ut
1102 2194 1222 2254 quod
1246 2194 1451 2248 maxime,
1487 2207 1617 2236 nemo
1648 2204 1736 2233 non
1764 2187 1905 2235 vidett
1941 2202 1989 2232 ut
2017 2188 2160 2246 itaque
2188 2184 2294 2247 quid
2317 2188 2372 2233 de

167 2273 249 2319 hac
278 2288 324 2316 re
353 2267 586 2314 tenendum
611 2265 680 2322 fit,
717 2262 898 2320 constet,
931 2260 1049 2308 salvo
1085 2261 1274 2308 aliorum
1305 2259 1497 2321 judicio,
1529 2257 1716 2318 paucula
1744 2253 1948 2311 afferam,
1983 2252 2143 2299 etiamsi
2172 2270 2261 2299 non
2292 2252 2371 2301 iim

165 2335 345 2393 nescius,
366 2337 409 2380 in
430 2349 517 2380 tam
539 2329 731 2394 operosce
751 2328 1061 2389 disquisitionis
1081 2327 1273 2384 materia,
1292 2323 1488 2386 praestare
1509 2322 1643 2374 nihil,
1677 2335 1807 2378 quam
1833 2334 1991 2379 parum
2018 2318 2172 2369 dicere.

374 2401 590 2447 Convenit
606 2394 697 2444 fere
715 2398 826 2443 inter
846 2411 1024 2453 omnes,
1062 2393 1264 2444 Odinum
1284 2407 1369 2437 una
1388 2406 1487 2435 cum
1507 2386 1582 2434 suo
1604 2385 1799 2431 satellitio
1827 2383 2072 2445 Scythicam
2102 2384 2298 2445 linguam
2328 2387 2374 2432 in

169 2470 453 2520 Germaniam
472 2464 756 2523 nostrumque
776 2462 1126 2522 Septentrionem
1145 2455 1365 2503 invexiss'et
1384 2453 1558 2500 testatur
1579 2452 1642 2508 id,
1658 2465 1814 2511 praeter
1832 2465 2016 2505 ceter08‚
2037 2447 2188 2496 auCtor
2209 2452 2378 2510 Eddae,

169 2533 499 2597 δηινιςΙὸῃῖιη,
533 2531 639 2577 dnm
660 2532 740 2577 ait:
783 2525 977 2576 Theirra
1002 2537 1145 2592 tanga
1169 2523 1439 2585 Afiamanna
1466 2535 1566 2566 war
1583 2523 1850 2581 eigentunga
1878 2531 1952 2563 um
1970 2516 2034 2564 oll
2057 2517 2374 2576 mordurtmaed,

170 2606 216 2651 id
245 2602 325 2657 est,
359 2598 556 2663 Afizrum
575 2598 770 2658 linguam
788 2611 869 2655 per
896 2590 1094 2641 Odinum
1118 2603 1399 2635 communem
1429 2581 1587 2631 [ἃᾶ-ειη)
1610 2581 1734 2629 fuiss‘e
1755 2581 1961 2627 omnibus
1987 2582 2185 2642 gentihus
2215 2582 2374 2645 septen·

170 2668 444 2717 trionalibus.
503 2667 654 2727 Qum
681 2677 820 2721 porro
841 2659 956 2716 hinc,
986 2656 1228 2705 Ammiano
1248 2652 1515 2701 Marcellino
1534 2648 1648 2706 teste,
1676 2647 1848 2703 constet,
1880 2650 2117 2695 Tauricam
2139 2648 2375 2696 Chersone-

169 2735 264 2783 sum
289 2735 406 2781 illam
426 2730 545 2778 orbis
563 2744 731 2789 partem
757 2723 898 2781 fuiss'e,
930 2725 1045 2770 unde
1062 2724 1262 2784 primum
1285 2716 1431 2780 egreffi
1451 2716 1530 2764 fint
1549 2716 1738 2779 Scythae,
1759 2714 1858 2759 inde
1883 2731 1964 2775 per
1987 2714 2163 2761 indubia
2182 2718 2374 2775 peregri-

170 2817 373 2849 natorum
399 2797 644 2844 testimonia
665 2807 828 2840 certum
855 2790 925 2847 fit,
959 2791 1003 2835 in
1025 2790 1185 2834 extimo
1206 2787 1282 2832 illo
1303 2785 1511 2845 Europaei
1530 2781 1647 2829 orbis
1670 2780 1830 2841 angulo
1851 2778 2102 2826 sermonem
2115 2779 2281 2836 nostro,
2315 2797 2373 2828 at·

173 2884 258 2928 que
288 2866 394 2910 adeo
412 2861 733 2923 Moesogothico
766 2872 1001 2919 cognatum
1029 2856 1070 2902 δε
1100 2870 1232 2913 quam
1254 2851 1527 2897 fimillimum
1556 2848 1776 2906 hodieque
1795 2847 1961 2906 vigere3
1996 2861 2108 2891 extra
2127 2860 2373 2893 controver-

173 2933 277 2981 fiam
296 2931 409 2979 mihi
434 2927 716 2984 effe-videtur,
749 2926 941 2988 linguam
957 2959 968 2981 ‚
1002 2937 1135 2983 quam
1155 2935 1239 2967 una
1260 2934 1358 2965 cum
1386 2913 1636 2966 vinstricibus
1656 2914 1812 2970 armis,
1841 2929 1931 2960 non
1950 2912 2101 2977 vicinis
2122 2925 2285 2959 tantum
2309 2930 2375 2959 re-

2235 2995 2374 3040 giom-
