2473 3380
179 177 243 219 66
857 156 1646 216 EVANGELIUM

182 294 260 343 31.
297 276 494 339 quethun
513 291 687 325 urruns
702 271 763 338 f)
788 275 838 321 is.

180 361 255 408 33.
287 345 360 407 jah
381 341 750 409 gawaurkjaima
776 343 830 405 g)
863 338 1088 386 hleithros.

181 428 255 476 34.
287 408 603 457 faurhtidedun
642 408 743 454 than
784 409 827 451 in
860 405 1071 450 thammei
1105 404 1237 468 jainai

244 493 434 543 quemun
455 479 500 522 in
524 473 719 522 thamma
746 470 965 519 milhmin.
984 469 1034 535 h)

180 551 258 607 36.
294 543 472 590 niwaiht
500 541 631 586 thizei
655 536 898 604 gafiqlzlm.
919 538 965 595 τ’)

176 604 253 671 37.
290 608 422 656 warth
445 607 546 652 than
567 608 610 650 in
629 606 824 650 thamma
849 603 972 670 daga
1004 602 1063 668 k)
1090 604 1234 651 dalath

238 670 582 741 atgaggandam
611 673 659 731 l)
698 673 763 717 im
794 667 847 718 af
866 668 1136 736 fazrgunja.
1167 673 1234 732 m)

241 739 463 803 gamotida
493 739 629 784 imma
658 739 907 798 manageins
927 735 1032 787 filuz

174 815 234 871 38
282 806 356 870 jah
383 803 459 854 sai.
528 820 695 852 manna
732 821 787 852 us
825 801 971 852 thaat
997 806 1237 869 managein

237 872 471 938 uswopida
491 869 744 936 quithands,
777 868 948 935 lafflm'·
980 868 1105 932 bidja
1125 869 1236 919 tlmk

240 937 476 1005 ihfiziqhan
517 938 575 997 n)
614 938 673 985 du
705 935 826 998 fienu
865 940 1147 988 meinamma.
1190 937 1236 999 ἢ

238 1019 342 1055 unte
380 1003 549 1053 ainaha
579 1008 666 1052 mis
696 1006 762 1068 ist.

172 1087 246 1136 39.
280 1073 354 1135 jah
374 1071 445 1118 sai.
479 1070 607 1115 ahma
627 1070 785 1116 nimith
808 1071 877 1116 ina
897 1068 1130 1119 unhrains.
1161 1069 1236 1133 jah

239 1138 385 1188 anaks
408 1135 455 1198 ο)
491 1132 695 1201 hropjz'th
723 1138 786 1200 p)
833 1135 915 1198 jah
955 1135 1127 1199 tahjith
1158 1141 1235 1184 ina

239 1204 357 1254 mith
394 1200 587 1268 qhathon
631 1205 686 1266 q)
750 1199 831 1261 jah
869 1200 1074 1266 halzfiu'w
1111 1204 1236 1269 aflin-

240 1273 340 1320 nith
357 1273 409 1329 r)
437 1268 502 1332 af
522 1273 661 1316 imma
689 1265 959 1329 gabrikands
979 1270 1066 1316 ina.

1317 285 1397 333 31.
1432 273 1644 319 Dicebant
1669 271 1835 318 exitum
1863 273 1972 320 eius·

1316 351 1396 399 33.
1428 340 1485 383 Et
1513 335 1723 384 faciamus
1752 337 2039 384 tabernacula.

1317 418 1395 464 34·
1429 406 1702 452 Timuerunt
1726 419 1870 451 autem
1893 420 1994 451 cum
2014 401 2080 448 illi
2099 409 2307 448 venerunt
2327 396 2375 443 in

1384 470 1501 518 illam
1539 469 1718 518 nubem.

1313 542 1388 595 36.
1425 537 1555 583 Nihil
1583 552 1738 583 eorum
1771 552 1864 595 quae
1894 535 2105 583 viderant.

1313 618 1388 666 37,
1424 602 1612 650 Faenum
1641 601 1700 648 est
1726 616 1869 660 autem
1898 603 1968 648 illa
1999 602 2088 656 die,
2121 594 2376 644 descenden-

1377 671 1494 717 tibus
1524 669 1610 715 illis
1638 669 1690 715 de
1725 683 1900 725 monte,
1952 668 2142 714 occurrit
2176 666 2215 709 ei
2249 661 2378 708 turba

1378 738 1534 785 multa.

1314 811 1390 866 38.
1437 806 1491 849 Et
1532 819 1652 856 ecce,
1686 801 1754 847 vir
1782 815 1844 847 ex
1873 798 2014 846 turba*
2037 796 2286 845 exclamavit
2315 792 2379 839 di·

1380 886 1501 918 cens:
1549 866 1779 929 Magister,
1810 882 1924 926 rogo
1960 880 2001 910 te
2043 864 2204 924 (velis)
2247 858 2378 920 respi-

1381 953 1474 983 cere
1494 934 1548 981 ad
1569 933 1711 981 filium
1735 949 1914 986 meum,
1951 932 2054 991 quia
2082 932 2236 976 unicus
2265 925 2380 972 mihi

1382 1002 1457 1051 est.

1314 1085 1391 1133 39,
1434 1071 1490 1115 Et
1529 1084 1624 1114 ecce
1671 1064 1847 1128 spiritus
1889 1061 2149 1109 immundus
2194 1058 2379 1119 corripit

1380 1152 1505 1190 eum,
1541 1134 1582 1180 δι
1603 1150 1703 1179 mox
1728 1132 1882 1179 clamat
1902 1130 2116 1176 &lacerat
2143 1141 2244 1173 eum
2276 1137 2380 1170 cum

1379 1200 1560 1262 spuma,
1594 1199 1635 1246 ἃ
1663 1215 1774 1260 aegre
1801 1194 1978 1243 discedit
2004 1194 2057 1241 ab
2085 1210 2137 1241 eo
2169 1190 2379 1239 dilanians

1378 1282 1501 1315 eum.
2295 1269 2378 1316 40.

215 1393 272 1447 f)
295 1391 399 1432 Editi
417 1404 571 1430 urrune:
587 1392 746 1443 genitiv.
765 1390 917 1442 pluralis
934 1388 1022 1428 heic
1038 1389 1169 1428 locum
1187 1390 1356 1429 invenire
1372 1390 1521 1441 nequit,
1544 1400 1588 1427 ut
1604 1388 1722 1439 probe
1745 1385 1950 1439 suspicatur
1969 1387 2056 1424 Rev.
2070 1382 2264 1422 Benzelius.
2319 1383 2379 1422 De

277 1456 401 1484 cetero
419 1459 435 1483 s
452 1443 563 1484 finale
579 1445 717 1483 merito
735 1443 949 1496 filspeflum
968 1441 1019 1481 est
1026 1471 1037 1490 ‚
1066 1445 1206 1494 quippe
1227 1443 1332 1495 quod
1351 1444 1392 1482 in
1410 1453 1544 1494 quarto
1565 1441 1649 1481 casu
1666 1441 1778 1480 abiici
1794 1440 1895 1479 solet.
1959 1441 2108 1479 Vocem
2126 1435 2380 1488 explicuimus

274 1500 395 1538 Marc.
420 1508 456 1544 7,
481 1509 494 1534 1
504 1509 540 1548 9.

221 1552 265 1606 g)
292 1553 317 1603 J
348 1552 381 1588 ἃ
403 1551 456 1588 St.
471 1549 741 1602 gawanrkjaim
752 1563 767 1595 ,-
787 1547 848 1587 std
877 1561 911 1587 1.
930 1547 1022 1601 perf
1040 1549 1078 1601 pl
1111 1546 1284 1589 Praesent.
1302 1548 1412 1597 Subj.
1430 1546 1574 1599 semper
1595 1547 1672 1585 exit
1698 1546 1738 1584 in
1765 1557 1797 1584 a.
1827 1558 1850 1584 v
1888 1544 1963 1597 Joh
2008 1544 2044 1591 6,
2075 1551 2136 1585 28.
2162 1544 2197 1581 8<
2229 1539 2381 1593 pristim·

195 1604 198 1607 ’
278 1605 323 1642 In
340 1602 477 1642 eodem
492 1603 566 1642 hoc
583 1602 762 1642 versiculo
778 1615 848 1654 pro
870 1599 1180 1653 ty‘]'kaiskaidun>
1208 1601 1314 1653 quod
1332 1615 1378 1639 ex
1396 1600 1526 1640 codice
1543 1599 1661 1638 adfert
1676 1601 1716 1637 B.
1744 1601 1779 1651 J.
1800 1599 1833 1636 ὃ(
1852 1600 1903 1637 Ξῖ,
1925 1596 2065 1636 habent
2080 1594 2304 1648 afskaidan.

224 1656 267 1709 h)
295 1658 349 1695 Ita
383 1655 505 1694 codex
530 1657 570 1694 in
597 1655 675 1708 ipso
697 1665 825 1701 textu,
871 1668 988 1706 quem
1012 1653 1180 1706 sequitur
1204 1656 1257 1694 St.
1276 1655 1370 1706 legit
1389 1656 1430 1694 B.
1453 1666 1604 1706 quemun
1622 1652 1688 1703 jah
1714 1664 1752 1690 at
1768 1654 1816 1690 im
1840 1653 1877 1688 in
1895 1651 2050 1689 thamma
2076 1650 2231 1689 milhmin
2258 1658 2378 1702 atgag-

303 1707 448 1746 andam:
490 1707 588 1758 Jun.
609 1721 772 1760 quemun.
791 1707 861 1759 jah
878 1720 914 1745 at
939 1713 988 1745 im
1014 1710 1050 1745 in
1069 1707 1226 1746 milhmin
1250 1706 1518 1760 utgaggandmt:
1544 1706 1745 1744 lcclionem
1763 1717 1850 1744 vero
1871 1704 2053 1755 marginis
2071 1703 2202 1744 videfis
2227 1701 2266 1738 in
2291 1718 2379 1758 [ηχ-

273 1723 438 1807 igatione,
496 1762 601 1801 unde
633 1761 727 1813 quid
758 1772 919 1812 uterque
941 1772 1103 1807 eorum,
1158 1771 1288 1813 praeter
1319 1762 1527 1807 rationem,
1568 1759 1625 1797 vel
1659 1757 1849 1797 admiserit
1884 1758 1942 1797 vel
1983 1758 2198 1805 excluserit,
2252 1759 2378 1799 facilli-

275 1828 340 1853 me
373 1813 508 1866 liquet.
543 1814 683 1853 milhma
705 1814 846 1860 nubes,
891 1813 1019 1852 Sueth.
1047 1811 1158 1853 moln.
1205 1815 1376 1852 Sclavon.
1416 1811 1528 1858 mma,
1581 1812 1687 1863 quod
1721 1809 2079 1863 .=1]gisnmudiGeleniz
2107 1813 2255 1852 lexicon
2279 1812 2379 1865 sym-

274 1867 392 1920 phon.
411 1865 502 1906 teste
523 1867 639 1917 Junio
658 1869 697 1906 in
716 1866 878 1919 append.
896 1881 933 1918 p.
954 1880 1000 1915 42
1009 1878 1044 1918 9.
1065 1865 1176 1906 refert
1195 1867 1242 1906 ad
1264 1868 1391 1914 ὁμικλη
1404 1894 1414 1914 ,
1441 1865 1601 1912 nebula3
1637 1863 1700 1904 sed
1726 1865 1867 1915 linguae
1891 1864 2077 1916 pleraeque
2096 1865 2281 1919 Scythicae
2308 1867 2379 1905 ori·

276 1922 375 1973 ginis
393 1934 526 1969 vocem
548 1922 741 1973 ignorant.

224 1975 255 2025 i)
283 1976 331 2013 St.
360 1972 562 2026 gaJe'eiqhun2
592 1975 728 2013 reclius
745 1974 785 2012 in
806 1972 1006 2020 Glossario,
1035 1971 1103 2011 sub
1131 1984 1223 2011 voce
1236 1971 1398 2024 fiziqhan.

222 2027 266 2076 k)
292 2028 329 2079 J.
351 2028 385 2065 &
405 2027 456 2065 St.
481 2026 566 2076 (far
601 2026 711 2078 daga:
741 2027 904 2064 occurrit
922 2025 987 2064 suo
1008 2026 1116 2071 loco,
1160 2027 1252 2062 Luc.
1277 2036 1311 2071 7,
1333 2036 1347 2064 1
1361 2037 1394 2064 1.
1415 2022 1489 2062 hoc
1509 2033 1638 2062 autem
1656 2022 1762 2075 qfar,
1800 2020 1936 2062 abesta
1964 2021 2110 2064 codice.

224 2079 261 2130 L>
283 2078 406 2117 Iidem
428 2078 711 2132 qj‘gaggavzdam3
737 2077 800 2117 sed
817 2078 996 2130 cgfgaggan
1015 2076 1067 2117 est
1083 2075 1281 2126 α’ποβῆνοιι,
1316 2075 1508 2124 ἐπελθεῖν,
1545 2089 1722 2130 atgaggau
1746 2074 1886 2123 dalath,
1923 2076 2144 2122 καταβῆναι,
2177 2074 2380 2123 κατελθεῖν,

272 2146 308 2170 ν.
331 2131 422 2170 edit.
442 2131 550 2168 Benz.
578 2144 603 2182 p
637 2142 730 2177 2350

223 2185 275 2235 m)
303 2186 457 2234 Legunt
475 2185 509 2235 J.
536 2185 568 2220 ἅ
589 2185 640 2222 St.
655 2183 809 2220 thamma
815 2182 1031 2234 fairgunja,
1079 2193 1123 2221 ut
1150 2180 1256 2220 Marc
1296 2193 1330 2232 9,
1358 2193 1393 2232 9.
1421 2181 1484 2220 hic
1502 2195 1590 2221 vero
1618 2180 1767 2220 Gothus
1798 2179 1965 2219 excludit
1991 2181 2214 2227 articulum,
2261 2193 2380 2233 quem
2438 2214 2443 2222 .

1144 2237 1203 2274 De
1230 2248 1320 2273 voce
1349 2234 1445 2273 nihil
1465 2234 1745 2286 Gloss'ographis
1770 2231 2006 2273 observatum
2033 2235 2273 2280 invenimus3
2310 2248 2380 2273 nec

276 2237 391 2275 etiam
417 2236 504 2274 alibi
525 2235 797 2281 defideramus‚
835 2233 959 2273 Matth
993 2242 1026 2281 8,
1049 2247 1060 2272 1

275 2289 496 2327 dubitamus
517 2287 596 2327 fore
615 2288 718 2326 dictu
750 2286 1047 2334 difficillimum,
1084 2287 1188 2327 unde
1217 2289 1278 2326 illa
1304 2288 1443 2334 domo,
1479 2290 1537 2326 vel
1560 2289 1600 2326 in
1625 2295 1792 2338 quanam
1817 2288 2040 2338 linguarum
2065 2287 2207 2326 familia
2229 2290 2308 2326 eius
2333 2287 2378 2327 fit

276 2342 490 2393 quaerenda.

560 2341 685 2380 Nobis
704 2341 863 2392 quidem
888 2340 1065 2379 videmur
1090 2341 1259 2392 reperisse
1279 2342 1470 2391 originem
1488 2341 1567 2378 eius
1587 2341 1628 2378 in
1650 2341 1714 2378 illo
1732 2338 1852 2392 bair-g,
1898 2340 2004 2389 quod
2028 2339 2188 2391 superest
2213 2341 2254 2378 in
2274 2354 2378 2380 com-

274 2394 395 2446 pofito
413 2393 647 2446 bairgaheins,
675 2404 903 2439 montanus,
929 2395 1010 2431 Luc
1064 2406 1095 2439 1,
1118 2404 1178 2443 39.
1207 2393 1270 2436 ὂς.
1299 2393 1432 2430 eadem
1456 2390 1730 2442 fignificatione
1747 2405 1789 2430 ac
1805 2389 1977 2430 nostrum
1997 2391 2097 2444 berg,
2126 2394 2244 2445 antiq.
2265 2391 2377 2448 biarg,

272 2446 431 2499 Anglos.
451 2446 572 2499 bewg,
603 2445 703 2499 byrg.
742 2448 872 2485 Franc.
890 2448 924 2483 ὅ(
944 2447 1069 2485 Alam.
1088 2444 1189 2496 berg,
1210 2458 1323 2497 perg.
1352 2447 1421 2483 ὄις.
1440 2445 1542 2483 unde
1561 2445 1785 2496 permutatis
1805 2444 1824 2482 h
1843 2445 1875 2481 ὅ(
1884 2444 1934 2494 f,
1967 2445 2171 2497 additaque
2200 2449 2376 2486 termina-

275 2501 378 2540 tione
397 2499 577 2546 Goffiica,
612 2498 675 2537 sua
701 2497 830 2550 sponte
855 2499 1028 2549 provenit
1039 2497 1229 2549 fungum,
1252 2510 1375 2536 mons.
1433 2499 1500 2537 Sin
1523 2507 1652 2536 autem
1679 2496 1758 2536 haec
1788 2498 2002 2538 coniectura
2026 2500 2156 2538 minus
2181 2501 2377 2551 placuerit,

272 2554 429 2592 meliora
447 2553 604 2591 dofturo
620 2550 731 2590 fasces
750 2553 910 2590 libenter
934 2550 1204 2589 submittemus

221 2607 261 2657 u)
287 2608 327 2644 B.
347 2619 467 2645 errore
488 2604 739 2656 typographi,
765 2604 954 2656 infiiiwau,
981 2617 1051 2642 nec
1071 2617 1151 2642 non
1167 2601 1264 2641 infra
1280 2616 1315 2642 v.
1339 2602 1400 2643 62.
1414 2601 1623 2654 fiziwand55
1658 2602 1806 2644 Gothus
1824 2604 1929 2643 enim
1947 2617 2029 2644 non
2045 2619 2101 2654 w,
2136 2604 2199 2645 {ed
2214 2606 2318 2646 litera
2337 2607 2374 2647 Ο

271 2659 450 2711 Ριιηξὶεῐο
470 2657 581 2696 simili
601 2660 729 2696 utitur.

219 2711 260 2761 *)
288 2714 328 2750 Β.
347 2713 440 2763 legit
455 2709 589 2762 fimau.
618 2724 654 2750 v.
675 2723 758 2762 quae
776 2709 945 2749 diximus
964 2722 999 2749 v.
1021 2710 1083 2753 26.
1104 2709 1151 2749 ad
1171 2721 1306 2749 vocem
1322 2708 1473 2751 wulthu.
1526 2707 1645 2749 Porro
1661 2708 1794 2750 habet:
1825 2713 2036 2761 minamma,
2065 2710 2171 2763 quod
2188 2710 2299 2754 debet
2317 2712 2374 2753 in·

273 2766 383 2804 curiae
402 2765 556 2805 librarii.

220 2815 257 2864 o)
283 2819 318 2867 J.
340 2819 371 2854 ἅ
391 2819 442 2856 St.
449 2815 629 2868 sznjaiw:
661 2825 872 2865 utrumque
900 2814 1068 2866 probum
1128 2813 1193 2853 cfr.
1211 2815 1372 2867 Specim.
1393 2815 1505 2856 Gloss.
1531 2815 1650 2869 Ulph.

211 2869 261 2920 p)
288 2869 409 2908 Iidem
433 2868 662 2919 :flii-opjitlz,
691 2867 798 2920 quod
815 2878 943 2906 tamen
961 2868 1050 2906 alibi
1067 2867 1235 2907 admittit
1262 2868 1393 2909 codex.
1432 2883 1470 2911 v.
1491 2871 1609 2923 Supra
1628 2882 1659 2909 c.
1685 2881 1717 2917 1,
1733 2881 1799 2918 42.

220 2921 260 2972 q)
289 2934 324 2960 v.
351 2921 397 2960 ad
414 2923 527 2959 Marc.
552 2932 588 2969 9,
611 2934 658 2958 20

223 2974 262 3025 r)
290 2987 325 3015 v.
345 2975 510 3026 Specim.
526 2970 646 3014 Gloss.
668 2973 789 3026 Ulph.
830 2975 874 3014 B.
890 2973 1002 3015 habet
1021 2971 1207 3025 afleithith,
1241 2973 1367 3027 probae
1386 2984 1506 3028 notae,
1542 2976 1577 3016 ἃ
1614 2973 1720 3029 quod
1743 2973 1873 3028 sepius
1891 2974 2070 3019 occurrit»
