2473 3380
139 152 1239 217 &afim—⁸¹·-

1509 154 2351 198 &pm-m&

141 262 365 388 Codex
395 292 658 345 argenteus,
692 277 746 324 ab
774 277 983 337 argenteis
1014 275 1167 321 litteris
1198 273 1251 320 sic
1281 271 1448 330 dietus,
1480 271 1638 333 infigne
1671 273 1772 319 belli
1803 276 2044 321 tricennalis
2080 272 2293 333 spolium,
2330 291 2355 319 a

280 345 544 396 monasterio
563 342 850 390 werthinenfi
866 343 919 388 ad
942 345 1102 387 Ruram
1123 337 1350 385 Westfaliae
1373 357 1393 383 a
1425 339 1560 385 milite
1583 343 1820 385 Succorum
1849 340 2066 397 avulsum,
2102 340 2235 386 hodic
2265 355 2349 385 tan·

139 433 272 479 quam
291 415 441 476 patriae
459 412 618 472 linguae
640 425 977 457 monumentum
993 443 1003 457 ,
1038 407 1080 452 ὅ(
1096 407 1333 466 proprium
1358 403 1663 466 septentrionis
1691 405 1843 461 decus,
1877 404 2065 466 Upsaliae
2095 404 2355 462 adservatur,

141 501 239 531 vera
260 499 313 529 an
333 477 437 527 falsa
456 479 608 538 gloria,
640 494 686 521 ex
706 473 984 533 sequentibus
1005 472 1181 532 patebit.

276 547 481 594 Continet
499 544 570 594 hic
589 540 729 589 coa‘ex
748 541 1149 599 interpretationem
1172 539 1232 582 IV
1243 535 1568 596 evangeliorum
1591 535 2199 594 antiquo-Germanican1‚sed
2220 537 2355 585 eheu!

140 615 262 663 valde
284 610 507 664 mutilam,
543 607 585 653 δε
604 608 826 667 principio
848 621 894 650 ac
924 603 1007 649 fine
1030 618 1268 652 carentem,
1304 604 1362 647 ita
1391 616 1440 647 ut
1469 603 1621 662 potius
1647 597 1941 661 fragmentum
1967 598 2167 648 faucibus
2189 614 2358 663 temposs

139 682 200 729 ris
224 691 448 739 ereptum,
482 689 615 733 quam
643 670 776 718 iustus
796 671 931 717 codex
952 666 1110 715 censeri
1133 666 1278 729 poffit.

277 761 540 811 Communis
558 758 834 806 eruditorum
856 757 1010 818 opinio
1032 754 1111 812 est,
1147 756 1188 801 <St
1206 754 1408 801 sententia
1429 755 1588 815 iugiter
1608 769 1800 814 recepta,
1834 751 2130 813 fragmentum
2150 753 2355 800 versionis

141 831 366 885 Gothicae,
399 827 453 874 ab
492 821 686 891 Ulplu'la
716 821 924 884 episeopo
958 825 1244 871 concinnata:2
1280 822 1421 870 codice
1452 836 1552 886 arg.
1585 823 1820 877 contineri,
1853 822 2004 882 paucis
2035 821 2247 880 exceptis,
2279 821 2356 878 qui

140 896 419 948 monumenti
449 893 580 939 huius
607 892 909 951 antiquitatem
940 888 1007 934 vcl
1037 889 1148 933 ultra
1174 903 1339 948 attatem
1366 882 1574 951 Ulphilae
1599 885 1835 943 extollunt,
1865 883 1933 932 vel
1960 882 2075 931 infra
2095 886 2268 932 Gothos
2298 885 2353 931 ad

141 969 416 1014 Francorum
445 973 647 1019 tempora
678 957 941 1017 deprimunt.
1012 954 1060 1000 ln
1091 953 1169 999 isto
1197 956 1397 1000 virorum
1428 952 1758 1000 clarissimorum
1790 945 2007 1006 divortio,
2043 948 2206 1008 fateor,
2243 952 2356 997 mihi

138 1034 336 1096 priorem
356 1026 398 1073 &
416 1041 698 1072 communem
718 1021 967 1069 sententiam
989 1022 1125 1082 magis
1153 1019 1356 1080 probari,
1392 1035 1492 1066 cum
1523 1019 1642 1078 quod
1667 1017 1970 1081 Walafridus
1991 1016 2160 1066 Strabo
2191 1018 2242 1062 de
2263 1018 2356 1062 Go-

139 1098 227 1146 this
248 1095 291 1142 &
313 1092 501 1139 versione
520 1091 710 1137 Gothica
729 1087 856 1135 verba
883 1084 1067 1143 faciens„
1101 1087 1239 1140 libro,
1278 1085 1329 1129 de
1351 1085 1443 1133 reb.
1465 1082 1610 1147 eccles
1631 1101 1726 1145 cap.
1746 1100 1791 1144 7.
1823 1085 2009 1133 codicem
2029 1099 2134 1149 arg.
2158 1100 2268 1143 pene
2290 1083 2353 1128 di·

140 1165 235 1226 gito
255 1157 559 1207 monstraverit
570 1194 581 1215 ,
616 1171 711 1204 tum
731 1155 854 1215 quod
873 1153 1022 1213 lingua
1053 1151 1171 1198 istius
1200 1151 1362 1199 codicis
1393 1152 1542 1212 patriae
1570 1149 1674 1209 suae,
1708 1150 1753 1196 id
1777 1149 1861 1210 est,
1896 1147 2106 1206 Gothioe,
2141 1149 2259 1195 haud
2280 1148 2356 1195 ob-

141 1229 291 1278 scurus
311 1224 439 1271 index
456 1222 502 1270 fit

280 1287 455 1342 Gothia
474 1288 585 1336 mihi
610 1285 668 1335 est
697 1286 965 1346 diciturque,
1003 1302 1099 1345 quae
1126 1299 1224 1331 ante
1244 1285 1418 1342 Dacia,
1454 1298 1561 1345 puta
1588 1279 1788 1338 inferior.
1858 1285 1980 1329 Nam
2008 1281 2138 1333 huius
2164 1279 2356 1341 regionis

139 1374 309 1425 partem
327 1361 470 1405 Ponto
490 1356 678 1401 vicinam
696 1353 837 1400 Gothi
859 1355 1057 1414 primum
1078 1352 1239 1400 Marco
1271 1354 1511 1413 imperante
1539 1350 1821 1398 inundarunt.
1895 1349 2088 1393 Alteram
2106 1363 2211 1392 vero
2230 1346 2272 1392 ὅ(
2291 1359 2355 1403 re*-

138 1429 381 1476 'motiorem
402 1423 679 1471 Aurelianus
694 1435 898 1467 revocato
917 1420 1104 1464 exercitu
1125 1416 1434 1478 subdustisque
1452 1414 1816 1478 provincialibus,
1853 1414 2015 1461 Gothis
2038 1410 2353 1473 occupantibus

139 1494 342 1552 reliquit,
374 1488 624 1550 desperans,
656 1503 752 1532 eam
773 1485 894 1546 posse
912 1486 1112 1541 retineri,
1147 1498 1195 1530 ut
1215 1482 1363 1531 scribit
1386 1483 1625 1547 Vopiscus.
1684 1484 1839 1540 Sicque
1860 1482 1994 1527 Dacia
2022 1497 2044 1524 a
2065 1474 2355 1525 Gothis'sub·

139 1558 231 1608 acia
258 1574 419 1606 nomen
450 1555 628 1602 Gothiae
660 1556 835 1614 recepit.
892 1554 957 1598 De
985 1552 1177 1611 origine,
1209 1550 1529 1612 appellatione,
1563 1549 1847 1608 migratione,
1883 1547 1923 1593 ἃ*
1952 1545 2079 1592 rebus
2108 1542 2234 1605 gestis
2262 1544 2354 1589 Go-

141 1627 338 1681 thorum,
357 1623 399 1669 &
419 1624 471 1670 de
490 1619 754 1683 primigenia
774 1635 930 1666 eorum
953 1618 1008 1664 ad
1036 1615 1180 1664 christ.
1211 1617 1469 1677 religionem
1499 1612 1794 1671 conversione,
1827 1609 2356 1672 ceterisqueargumentis

142 1689 391 1739 difficilibus
412 1690 454 1735 ὅ(
473 1688 706 1741 involutis,
743 1687 929 1747 cognitis
951 1698 1117 1739 tamen,
1152 1682 1193 1728 ὅτ
1212 1680 1319 1728 scitu
1350 1681 1467 1727 haud
1497 1679 1727 1726 inutilibus
1755 1696 1832 1725 nec
1861 1676 2135 1733 iniucunffis,
2167 1675 2357 1734 quaehic

138 1757 193 1806 ab
228 1757 355 1803 initio
392 1754 625 1802 meditatus
657 1749 775 1809 sum,
811 1768 914 1812 eum
950 1747 1196 1806 mensuram
1231 1747 1489 1795 videbantur
1523 1746 1743 1803 excedere,
1778 1746 1943 1807 placuit
1977 1747 2021 1790 in
2041 1741 2163 1789 aliud
2183 1756 2357 1802 tempus

142 1821 326 1872 differri.
2252 1803 2269 1809 “

275 1891 427 1947 Itaque
450 1882 646 1940 Gothia,
677 1880 783 1928 ficut
803 1881 1020 1937 vidimus,
1056 1879 1144 1927 fuit
1163 1880 1284 1939 regio
1316 1877 1368 1923 ad
1388 1880 1606 1932 Pontum,
1641 1893 1665 1921 a
1686 1876 1857 1938 Scythis
1879 1878 2003 1937 Tyra
2025 1872 2185 1930 fluvio,
2217 1873 2352 1920 hodie

141 1952 361 2016 Dniester,
396 1970 420 1998 a
438 1952 603 1998 Graecis
628 1948 834 1995 Danubio
853 1947 935 1994 five
953 1945 1083 2004 Istro,
1116 1963 1139 1992 a
1157 1945 1286 1991 Dacis
1307 1940 1608 2003 superioribus
1636 1941 1783 1997 Aluta,
1817 1941 1951 1986 hodie
1972 1940 2065 1995 Alt,
2099 1957 2123 1984 a
2144 1938 2353 1985 Sarmatis

142 2037 300 2071 mutuo
322 2032 444 2065 metu
462 2015 669 2077 separata.
717 2018 832 2061 Cum
851 2014 936 2059 hoe
954 2011 1033 2059 fitu
1052 2008 1244 2073 pet-feaste
1271 2010 1473 2061 convenit
1501 2008 1650 2067 lingua
1680 2008 1845 2054 codicis
1873 2009 2095 2070 argentei,
2127 2022 2222 2064 quae
2242 2019 2354 2050 certe

142 2088 315 2135 nemine
333 2085 590 2131 reclamante
609 2082 872 2127 Germanica
894 2078 975 2132 est,
1008 2077 1097 2137 (sed
1118 2077 1240 2137 quod
1260 2072 1476 2120 observari
1496 2074 1648 2132 velim)
1674 2074 1730 2119 ita
1750 2074 2026 2129 Germanica,
2043 2088 2092 2117 ut
2107 2088 2129 2116 a
2150 2072 2352 2131 contagio

141 2156 420 2214 linguarum,
453 2149 739 2209 quibustuae
766 2145 945 2193 finitimi
965 2145 1106 2191 Gothi
1133 2142 1383 2196 utebantur,
1419 2139 1537 2186 haud
1566 2140 1751 2185 omnino
1782 2139 1918 2186 libera
1945 2136 2006 2184 sit.
2076 2134 2226 2182 Testes
2257 2135 2357 2182 sunt

139 2218 350 2267 vocabula
369 2231 502 2277 quam
521 2214 736 2277 plurima,
765 2210 939 2268 Graeca,
974 2211 1230 2265 Sarmatica,
1263 2207 1488 2269 Scythica,
1515 2205 1816 2265 Burgundica‚
1853 2205 2032 2254 Dacica,
2066 2204 2236 2262 aliaque
2256 2205 2355 2249 Bar·

140 2287 307 2341 barim,
342 2281 479 2331 codici
496 2291 706 2347 argenteo
726 2279 933 2340 propria,
965 2278 1008 2323 ὃ(
1033 2275 1167 2322 nullis
1195 2274 1472 2333 reliquorum
1492 2269 1831 2319 Germanorum
1861 2268 2074 2326 dialeffis,
2109 2285 2185 2314 nec
2214 2284 2356 2314 recen·

141 2352 257 2400 tibus
275 2366 354 2396 nec
369 2349 559 2407 antiquis
580 2359 775 2406 recepta,
810 2360 905 2405 quae
925 2360 1040 2389 nunc
1060 2343 1215 2388 ordine
1236 2336 1487 2395 recensebo,
1519 2337 1698 2383 initium
1717 2334 1918 2384 faciendo
1942 2354 1965 2382 a
1988 2334 2206 2382 vocabulis
2228 2331 2354 2383 Grae·

139 2421 228 2475 cis,
260 2415 292 2464 fi
311 2431 401 2462 non
421 2412 653 2468 omnibm,
686 2426 797 2458 certe
815 2408 1080 2473 potioribus.

246 2562 249 2564 ‚
276 2502 418 2562 Atta,
451 2515 596 2562 pater,
628 2496 719 2549 Gr.
736 2497 852 2546 «ἴττω.

283 2568 393 2627 Uil,
424 2565 511 2624 sol,
545 2563 725 2625 (reffius
747 2562 897 2614 Sauil.
920 2558 1155 2630 V.fragm·
1183 2555 1328 2627 Ulpb.
1347 2574 1396 2622 p.
1423 2556 1550 2618 113.)
1576 2555 1660 2605 Gr.
1686 2557 1789 2608 ἥλιος.

277 2635 396 2692 Air,
427 2631 700 2688 diluculum,
731 2629 813 2676 Gr.
842 2631 891 2690 ἔς,

277 2697 496 2758 Dauhts,
529 2698 807 2751 convivium,
851 2692 935 2742 Gr.
957 2702 1051 2752 >0543

277 2768 416 2824 Ams,
448 2766 681 2819 humerus,
714 2759 803 2810 Gr.
826 2761 930 2819 ιῑμος,

282 2829 535 2899 flagrefts,
568 2826 782 2883 edistum,
811 2843 835 2872 a
854 2826 931 2871 Gr·
951 2831 1088 2888 γξιφῆ,

279 2901 436 2959 Naus,
470 2912 695 2953 mortum,
728 2910 753 2942 a
775 2893 857 2943 Gr.
878 2903 985 2953 νέκυς,
1019 2888 1135 2938 unde
1154 2886 1285 2937 etiam
1303 2887 1445 2936 latinis
1469 2901 1560 2936 nex
1588 2886 1630 2933 ἂ
1649 2899 1818 2955 necare.

2164 3017 2169 3021 ,
2234 2948 2355 3016 Spr-
