2473 3380
766 136 1182 195 HEUPELII
1213 132 1770 195 DISSERTATIO

274 267 424 309 ximus,
451 254 891 309 HermannusTonringt‘us
907 255 947 294 in
965 252 1050 292 libro
1069 252 1109 292 de
1124 254 1254 304 origine
1269 253 1357 291 iuris
1367 254 1559 305 germanici
1577 265 1655 304 cap.
1672 254 1716 292 V.
1736 250 1888 301 censuit,
1908 266 1994 294 ante
2018 251 2194 306 Ulphilam
2210 253 2370 295 Runiffl

274 322 413 360 litteras
431 309 782 366 septentrionalibus
798 309 948 362 populis
967 320 1046 346 non
1063 305 1170 344 fuisse
1189 305 1348 353 usstatas‚
1375 305 1513 344 docens
1524 333 1534 353 ,
1571 304 1742 356 Ulphilam
1758 310 2161 360 nonexcogitatmum
2180 307 2286 347 fuisse
2304 322 2371 347 no-

275 386 343 414 vos
362 367 610 409 charasteres‚
637 362 664 402 fi
682 375 766 415 qua:
783 362 911 400 litterae
932 358 1066 399 Gothis
1085 360 1159 398 iam
1180 357 1332 397 fuissent
1350 359 1389 397 in
1407 357 1497 406 usu,
1526 370 1662 409 easque
1679 371 1699 396 a
1717 357 1888 397 Gothicis
1912 362 1958 400 ab
1984 361 2122 413 Ulplzila
2141 362 2305 412 repertis.
2334 363 2369 399 ά

273 439 341 480 per
359 420 510 462 Gothos
528 417 732 458 nonnullos
752 417 792 453 in
810 412 993 452 Scandinm
1009 411 1209 452 redeuntes
1228 411 1418 458 ademeris,
1445 412 1554 451 variis
1572 410 1698 450 modis
1717 410 1853 450 inflexa
1870 408 2011 464 figura,
2037 424 2139 453 natas
2158 413 2242 454 esse.
2297 414 2335 452 V
2337 427 2372 453 e-

273 491 363 520 rum
380 472 617 515 celeberrimi
636 469 705 509 viri
722 466 911 507 sententiae
942 465 1080 505 eruditi
1105 465 1205 505 orbis
1224 465 1352 505 Arkioi
1376 463 1411 504 se
1441 463 1543 517 quasi
1570 466 1726 516 agmine
1749 463 1846 503 fatto
1872 465 2112 517 (quanquam
2138 467 2374 506 dissentiente

274 527 416 573 dofflss.
437 526 526 577 Jolz.
546 519 746 562 Stiernho'o'lt
764 521 805 559 in
824 519 981 557 truttam
1000 518 1040 557 de
1059 520 1135 557 iure
1153 518 1324 557 Sueonum
1341 515 1386 558 ΕΤ
1408 516 1606 556 Gothorum
1624 515 1753 568 vetusto
1771 515 1918 555 Holmioe
1944 520 2037 569 1572.
2059 519 2145 558 edito
2172 519 2228 561 lib.
2248 518 2279 557 Ι.
2298 533 2326 556 c.
2344 532 2372 559 ι.
2391 561 2397 563 ,

274 586 345 639 qui
361 592 490 621 tamen
504 574 629 630 postea
645 573 869 613 sententiam
885 570 992 610 suam
1007 572 1192 618 mutavit,
1217 582 1261 610 ut
1285 570 1384 611 mihi
1401 572 1564 611 relatum
1583 569 1665 620 est‚)
1691 579 1911 623 opponunt,
1938 571 2035 610 inter
2052 583 2146 622 quos
2163 574 2232 612 viri
2251 573 2291 611 in
2308 584 2372 611 an·

274 633 514 689 tiquitatibus
537 626 713 668 Gothicis
739 624 990 672 versatiffimi,
1020 624 1127 663 Olaus
1148 627 1187 664 V
1184 623 1305 663 erelius
1325 625 1494 678 Runogra
1521 624 1554 663 h.
1573 623 1728 667 Scaudio.
1758 636 1832 675 cap.
1852 623 1929 663 111.
1957 621 2001 664 Εἴ
2020 623 2095 665 JV,
2149 625 2256 664 Olam
2276 623 2373 663 Rad-

273 688 405 729 beckius
425 679 666 732 Atlantic‚seu
682 678 920 730 Maunheimii
942 680 1040 716 Tom.
1062 677 1095 718 I.
1115 691 1193 730 cap.
1216 678 1443 716 XXXVIII.
1533 678 1619 716 Tom
1643 676 1695 714 11.
1714 689 1788 729 cap.
1811 676 1856 716 V.
1868 676 1903 715 8<
1923 674 2064 714 Carolus
2082 675 2261 726 Lundz'us,
2291 691 2373 730 pro·

273 740 385 783 sessor
402 739 492 779 iuris
512 735 626 774 hodie
644 734 685 773 in
702 732 893 773 academia
907 729 1114 783 Upffilienfi
1130 730 1388 771 meritissimus
1407 728 1480 783 diff
1505 729 1546 768 de
1567 728 1729 769 Zamolxi
1744 731 1865 780 primo
1884 727 2058 767 Getarum
2082 727 2269 782 legislatore
2293 744 2373 784 cap.

273 795 350 835 HL
379 792 448 846 qui
465 788 610 830 Gothos
629 789 705 827 iam
721 797 808 827 ante
824 783 963 825 Christi
981 783 1165 824 salvatoris
1183 783 1297 824 nostri
1312 784 1548 823 nativitatem
1562 781 1690 823 Runas
1705 780 1871 822 habuisse
1882 811 1891 829 ,
1920 794 2057 834 easque
2083 781 2267 833 Ulphilam,
2284 796 2376 824 cum

274 849 382 889 XVI.
411 854 563 885 tantum
585 840 712 888 essent,
735 842 768 879 8(
789 852 863 893 prae
881 839 1017 878 Graecis
1045 839 1081 877 ὅ(
1110 839 1252 877 Latinis
1275 838 1534 889 sonorumque
1558 838 1730 876 varietate
1748 847 1884 887 paucas
1906 836 1966 874 ille
1992 846 2176 883 cerneret,
2205 835 2386 887 pluribus·

273 901 407 943 litteris
438 897 567 951 graecis
592 896 627 933 ὃ(
655 894 798 940 latinls‚
824 893 946 932 donec
971 890 1104 930 fierent
1128 893 1249 932 XXV.
1266 892 1346 938 vel,
1373 901 1419 930 ut
1440 892 1476 929 V
1474 889 1595 928 erelius
1621 898 1798 929 numerat
1823 889 1964 928 XXVI.
1996 887 2222 941 Runograph.
2253 889 2378 932 Scand.

269 968 347 1009 pag
381 964 430 999 71.
457 947 644 990 adauxisse
662 950 696 987 ὅ(
718 944 1006 999 quodammodo
1037 943 1238 990 inflexisse,
1270 955 1314 983 ut
1339 943 1455 983 essent
1481 944 1759 983 commodiores
1782 941 1832 981 ad
1857 940 2118 989 scribendum,
2148 952 2260 993 atque
2287 941 2380 984 inde

275 1020 423 1049 nomen
447 1002 653 1044 inventoris
673 998 928 1040 Gothicarum
955 999 1163 1037 litterarum
1191 997 1369 1050 accepisse
1396 997 1552 1043 docent,
1583 998 1618 1035 ὅ(
1646 995 1815 1035 adduffis
1844 996 2079 1046 argumentis
2104 994 2379 1036 evidentissime

274 1058 497 1102 monstrant.
553 1053 669 1108 Qod
687 1052 714 1092 fi
730 1055 845 1092 Runae
864 1065 910 1091 ex
927 1052 1057 1090 litteris
1074 1050 1285 1102 Ulphilanis
1304 1049 1440 1089 haustae
1461 1049 1587 1097 essent,
1608 1048 1682 1088 fine
1699 1048 1817 1088 dubio
1835 1048 2079 1100 alphabetum
2089 1049 2281 1087 Runicum
2299 1063 2380 1089 non

276 1115 370 1155 adeo
389 1111 476 1151 esset
493 1107 772 1160 impet-feffium.
807 1107 906 1144 Non
923 1106 1027 1143 enim
1047 1104 1224 1143 credibile
1241 1103 1304 1150 est,
1324 1103 1550 1143 Scandianos
1567 1103 1811 1155 alphabetum
1828 1103 1988 1154 plenum
2005 1104 2039 1140 ὅ(
2058 1101 2267 1154 ρει·ίὲξὶυῐῐι
2287 1115 2379 1142 cum

276 1165 480 1218 semipleno
501 1163 535 1201 &
556 1158 775 1212 imperfeRO
792 1167 1004 1196 mutaturos
1021 1155 1148 1203 fuisse,
1178 1157 1346 1195 maxime
1365 1169 1456 1195 cum
1475 1167 1714 1207 compertum
1733 1153 1794 1201 sit,
1825 1156 2031 1194 litterarum
2049 1167 2278 1202 numerum,
2309 1155 2379 1196 ubi

274 1223 317 1261 in
334 1220 497 1259 aliorum
521 1225 657 1254 manus
685 1212 943 1265 pervenerint,
971 1211 1098 1262 potius
1124 1211 1276 1261 augeri,
1306 1222 1424 1261 quam
1449 1210 1588 1247 minui.
1644 1212 1731 1260 Qo
1762 1220 1848 1246 vero
1868 1218 2038 1259 tempore
2065 1210 2099 1247 ὅ(
2127 1221 2205 1260 quo
2230 1208 2380 1249 aut-”tore

275 1276 393 1315 Runae
408 1273 567 1310 inventae
583 1265 676 1312 sint,
702 1264 864 1317 quaeris?
892 1262 1062 1303 Historiae
1080 1273 1215 1301 tacent.
1269 1261 1348 1315 lpse
1371 1263 1409 1301 V
1407 1261 1526 1300 cretius
1543 1259 1640 1300 testis
1658 1260 1721 1309 est,
1744 1260 1844 1297 Runo
1870 1261 1973 1311 raph.
1995 1260 2116 1300 Scand.
2129 1275 2173 1312 p.
2193 1264 2234 1302 16.
2254 1259 2299 1301 Εἴ
2316 1274 2382 1312 74.

277 1326 325 1367 CL
344 1321 557 1364 Rudbeckius
575 1333 622 1359 ex
641 1330 717 1358 atra
735 1318 857 1357 humo
874 1317 1157 1368 (Swartmyllan
1180 1326 1223 1354 ut
1242 1316 1369 1365 vocat)
1387 1325 1642 1354 monumenta
1661 1314 1804 1367 lapidea
1822 1273 1896 1351 (ἧς
1919 1314 2046 1366 cippos
2064 1315 2180 1353 Runis
2199 1325 2380 1364 exaratos,

265 1380 348 1435 *qui
364 1389 509 1430 magno
528 1385 691 1414 numero
711 1371 842 1425 passim
861 1384 928 1422 per
945 1370 1128 1409 sueoniam
1147 1372 1181 1408 ὅ(
1203 1368 1386 1407 Gothicam
1405 1366 1552 1408 visundi
1575 1379 1722 1414 extant,
1751 1368 2098 1419 circumcingente,
2128 1368 2284 1408 invento
2300 1382 2381 1422 per·

278 1445 396 1488 quam
414 1427 559 1470 curioso
576 1426 710 1480 probat
727 1423 907 1478 speciose,
934 1424 1011 1462 iam
1035 1423 1146 1462 tertio
1168 1421 1250 1475 post
1266 1422 1456 1461 diluvium
1472 1420 1595 1460 seculo
1614 1420 1684 1460 esse
1703 1422 1892 1460 inventas:
1929 1422 1991 1459 cui
2013 1430 2142 1459 tamen
2165 1420 2382 1463 dubitanter

277 1500 353 1540 ego
376 1483 569 1528 assentior,
603 1480 700 1519 dum
716 1477 910 1532 perpendo
929 1477 1159 1516 mutationes
1177 1477 1313 1523 varias,
1340 1474 1481 1527 quibus
1498 1475 1545 1514 ab
1565 1475 1709 1514 ultimis
1735 1474 1824 1513 inde
1839 1472 2064 1513 renascentis
2084 1474 2223 1513 mundi
2251 1473 2382 1517 seculis

279 1553 375 1581 terra
390 1536 555 1578 obnoxia
571 1532 655 1573 fuit.
711 1532 843 1578 ReE‘te,
869 1544 954 1569 mea
976 1529 1135 1582 quidem
1153 1530 1352 1581 opinione,
1378 1529 1596 1581 Arngrimus
1616 1528 1726 1577 Jonae
1757 1524 1934 1573 islandus,
1958 1539 1977 1566 a
2010 1525 2282 1568 c011su2tiffun0
2301 1530 2382 1567 Loc.

277 1595 367 1633 cem'o
385 1591 550 1643 antiquit.
571 1585 757 1640 Sueogorlz.
775 1582 830 1623 lib.
852 1584 906 1624 ΙΙ.
924 1598 953 1622 c.
975 1583 1053 1621 XV
1077 1597 1120 1634 p.
1142 1595 1176 1619 m
1208 1596 1268 1620 roo,
1293 1583 1445 1620 citatur:
1480 1581 1619 1618 Veteres
1636 1580 1758 1618 litterae
1775 1578 1977 1629 (Gothicae)
2004 1579 2141 1630 quando
2157 1583 2320 1632 primum
2344 1583 2383 1620 in

276 1662 300 1687 u
318 1661 340 1685 u
358 1642 417 1698 effe
439 1642 610 1695 coeperint,
632 1653 701 1677 non
715 1638 804 1690 fiatis
822 1635 964 1687 constat.
1020 1635 1212 1675 Nonnulli
1234 1634 1347 1673 Odino
1365 1633 1461 1683 (aliis
1482 1632 1665 1671 Wodanus
1690 1634 1863 1681 vocatur)
1880 1634 2077 1671 Runarum
2095 1633 2298 1672 inventum
2323 1636 2385 1674 tri-

278 1700 428 1744 buunt3
451 1694 560 1734 sicuti
576 1692 701 1733 videre
720 1690 772 1731 est
789 1690 892 1743 apud
911 1688 1039 1727 Olaum
1058 1690 1261 1727 Wormium
1278 1701 1352 1739 cap,
1379 1687 1465 1727 XX.
1493 1687 1705 1725 litteraturae
1723 1688 1883 1726 Runicae.
1939 1686 2018 1739 Qi
2041 1685 2218 1726 videntur
2234 1697 2388 1729 tantum.

279 1753 388 1804 loqui
408 1750 454 1789 de
473 1748 591 1788 Runis
609 1746 768 1796 magicis
781 1773 792 1786 .
818 1757 900 1794 quae
919 1745 1149 1788 Svartrunae,
1171 1740 1245 1780 hoc
1264 1738 1327 1787 est,
1354 1742 1470 1779 Runae
1488 1740 1606 1791 nigrae
1626 1740 1730 1778 dietae
1749 1738 1852 1779 sunt:
1880 1751 2046 1791 quorum
2067 1739 2259 1779 auster-em
2276 1739 2385 1781 fuisse

282 1806 435 1845 (adinum
448 1831 456 1847 ,
484 1799 592 1838 Olaus
617 1796 792 1841 Veram,
819 1798 977 1847 Runogr.
1000 1793 1115 1832 Scand
1133 1808 1177 1844 p.
1197 1796 1246 1833 16.
1266 1793 1399 1845 probat
1416 1806 1464 1832 ex
1481 1793 1777 1844 Runocapitulo,
1806 1805 1897 1831 cum
1916 1805 1994 1844 quo
2014 1793 2114 1831 conf.
2131 1806 2297 1845 magnus
2315 1807 2384 1847 po-

280 1858 419 1912 pularis
436 1865 569 1896 meus,
595 1850 780 1901 Jolmnnes
800 1847 1012 1898 Schfferus,
1063 1860 1143 1885 non
1162 1847 1211 1885 ita
1231 1846 1379 1897 pridem
1396 1846 1437 1885 in
1454 1845 1554 1884 acad.
1575 1844 1778 1897 Upsaliensi
1793 1847 1920 1897 regius
1937 1846 2027 1884 iuris
2046 1858 2088 1884 ac
2106 1848 2282 1897 gentium
2300 1861 2384 1900 pto-

284 1910 393 1952 fessor
411 1905 635 1948 honorarius
649 1932 658 1950 ,
687 1913 729 1942 ut
749 1903 783 1941 ὅ(
804 1901 1027 1952 eloquentiae
1044 1912 1087 1938 ac
1106 1900 1212 1951 polit.
1232 1899 1454 1950 Skyttianus
1471 1897 1740 1945 meritissimus,
1776 1897 1890 1949 Upfid.
1911 1899 2018 1948 antiq.
2037 1910 2109 1949 cap.
2136 1900 2173 1936 V
2173 1899 2224 1939 11.
2245 1899 2286 1938 de
2303 1900 2387 1940 Odi.

280 1979 324 2004 no
338 1975 424 2015 patr.
441 1973 482 2011 91.
544 1956 660 2010 Qod
678 1954 704 1995 fi
723 1956 836 1995 etiam
866 1956 1112 2004 loquerentur
1139 1952 1185 1990 de
1204 1953 1320 1990 Runis
1336 1980 1345 1997 ,
1375 1950 1513 2002 quibus
1544 1951 1663 1989 animi
1689 1949 1787 1990 sensa
1814 1950 2095 1989 declarabantur
2121 1949 2388 2005 sermonesque

280 2004 584 2070 excipiebantur,
612 2022 705 2061 quas
721 2009 914 2047 Mali-unas
934 2005 959 2044 h
990 2019 1021 2044 e.
1042 2006 1246 2057 logor-unas
1265 2017 1284 2042 a
1302 2003 1494 2048 sermone,
1521 2004 1584 2043 cui
1604 2001 1870 2050 inserviebant,
1898 2003 2100 2050 vocabant,
2128 2005 2226 2044 reste
2246 2019 2310 2045 eos
2332 2006 2384 2047 fa·

282 2084 385 2117 cere,
412 2064 638 2118 negandum
656 2061 718 2101 est.
777 2059 927 2114 Quibus
944 2057 1144 2098 consilium
1172 2056 1222 2095 est
1239 2058 1345 2108 plura
1363 2055 1409 2096 de
1431 2057 1561 2095 litteris
1579 2056 1732 2095 Runicis
1759 2055 1881 2103 nosse,
1910 2056 2018 2094 adeat
2043 2055 2172 2109 sepius
2191 2058 2383 2100 laudatam

283 2123 365 2164 Olaz·
387 2123 424 2162 V
422 2119 513 2161 erelii
532 2113 839 2170 Runographiam',
869 2114 931 2151 cui
948 2113 1059 2163 iungi
1078 2109 1198 2163 potest
1217 2110 1295 2147 0Ιαὶ
1316 2110 1473 2148 lVormii
1492 2110 1589 2148 Dani
1605 2108 1807 2147 litteratura
1826 2109 1971 2147 Runica.

227 2202 271 2256 g)
297 2193 530 2238 Clariffimus
549 2192 605 2231 vir
623 2191 655 2229 8<
675 2187 814 2228 illustre
833 2187 973 2227 Sueciae
991 2185 1105 2225 decus
1124 2198 1166 2224 ac
1182 2194 1453 2224 ornamentum
1475 2181 1583 2221 ozam
1599 2179 1808 2221 Rndbeckius
1826 2182 1867 2221 in
1883 2181 2069 2235 stupendo
2087 2195 2199 2236 opere
2224 2184 2386 2226 atlantica

291 2251 335 2290 T.
355 2249 387 2288 Ι.
403 2262 432 2287 c.
455 2248 492 2286 V
492 2245 537 2284 Il
563 2246 604 2293 ᾗ.
620 2257 652 2295 5.
664 2254 748 2303 pag
771 2253 855 2289 244·
877 2250 961 2279 ante
988 2252 1106 2278 annos
1124 2238 1278 2278 MCCC
1306 2237 1534 2290 descriptum
1551 2235 1623 2275 esse
1641 2235 1851 2274 arbitratur.
1905 2237 1948 2274 In
1965 2235 2165 2288 apographo
2183 2235 2385 2287 douatzonis,

284 2316 361 2358 qua
377 2313 504 2342 comes
523 2297 682 2348 Magnus
701 2291 845 2333 (Jabriel
862 2292 902 2331 de
918 2292 952 2330 la
971 2290 1122 2338 Gardie,
1149 2292 1290 2331 Sueciae
1317 2290 1556 2330 cancellarius
1568 2318 1577 2334 ,
1605 2288 1804 2329 academia>
1819 2287 2022 2341 Upsaliensi
2050 2290 2084 2327 ὅ(
2113 2289 2274 2341 collegio
2291 2294 2387 2332 anti·

281 2356 434 2412 quitatis
452 2352 592 2405 legavit
608 2349 751 2390 bonam
771 2348 920 2398 copiam
939 2345 1126 2385 librorum
1145 2344 1491 2396 manuscriptorum
1510 2352 1574 2380 aut
1592 2341 1678 2380 alias
1690 2331 1879 2380 Far-iorum
1899 2342 1987 2381 edit.
2008 2340 2156 2379 Holmiae
2170 2346 2255 2392 1672.
2273 2355 2385 2394 extat,

281 2410 451 2452 eruditos
468 2417 621 2451 omnes,
651 2402 719 2454 qui
735 2401 850 2440 huius
867 2399 1007 2439 codicis
1025 2397 1195 2437 fecerunt
1214 2398 1471 2444 mentionem,
1507 2393 1651 2446 Ulphilae
1669 2406 1838 2446 tempore
1857 2394 2034 2447 scriptum
2051 2394 2258 2436 credidisse.
2312 2398 2387 2436 Ar.

282 2462 403 2504 uoldus
422 2459 608 2499 Mercator
621 2454 724 2508 apud
742 2454 883 2503 Jannm
903 2451 1103 2490 Gruterum
1122 2450 1460 2503 inscription-antiq.
1473 2462 1515 2500 p.
1535 2449 1604 2495 146.
1625 2457 1712 2486 ante
1730 2447 1832 2486 mille
1850 2448 1935 2499 plus
1953 2450 2082 2486 minus
2101 2461 2222 2487 annos
2238 2449 2385 2501 perscri-

282 2527 397 2571 ptum
415 2511 485 2554 esse
502 2513 564 2550 ait.
619 2511 658 2549 Si
680 2521 760 2547 non
779 2504 891 2557 ipsius
910 2504 1068 2544 auum-is
1086 2513 1211 2550 aetate,
1237 2514 1365 2543 tamen
1383 2512 1468 2542 ante
1495 2501 1578 2539 οὲὶο
1606 2501 1664 2539 vel
1686 2499 1828 2553 septem
1852 2499 1972 2539 secula
1997 2500 2175 2552 scriptus,
2203 2513 2248 2541 ut
2266 2502 2387 2544 existi.

283 2580 430 2614 matur,
458 2565 585 2616 inquit
602 2559 894 2602 consultissimus
911 2559 1088 2596 Loceenius
1106 2558 1212 2608 antiq.
1237 2555 1414 2609 s'aeogoth,
1431 2552 1485 2593 lib.
1508 2553 1560 2591 ΙΙ.
1579 2566 1653 2604 cap.
1675 2551 1761 2592 XV,
1774 2567 1819 2605 p,
1839 2566 1884 2592 m,
1904 2567 1960 2593 101,
2014 2552 2153 2593 Forstm
2169 2554 2216 2594 de
2234 2554 2308 2596 hoc
2327 2570 2387 2597 eo·

285 2624 369 2664 dice
386 2620 557 2672 loquitur
578 2612 805 2665 Walafridas
820 2609 944 2650 Strabo
956 2639 966 2657 ,
995 2612 1032 2649 in
1049 2607 1150 2647 rebus
1169 2607 1334 2660 ccclfiast.
1356 2621 1430 2660 cap.
1455 2606 1494 2645 V
1493 2605 1546 2647 II'.
1608 2605 1656 2643 Ut
1673 2604 1820 2657 historia>
1835 2604 2027 2656 testamur,
2045 2605 2291 2659 stadt-fidum
2302 2622 2389 2663 gen-

285 2679 329 2716 tis
345 2673 499 2726 (scilicet
518 2667 758 2716 Gothorum)
777 2664 908 2703 divinos
927 2662 1028 2701 libros
1045 2664 1083 2700 in
1096 2659 1175 2713 fitae
1194 2661 1367 2699 locationis
1379 2661 1635 2712 proprietatem
1660 2657 1934 2707 transtulerunt,
1962 2673 2112 2710 qnorum
2138 2659 2249 2699 adhuc
2266 2675 2389 2701 monu-

284 2740 401 2768 menta
418 2723 514 2777 apud
531 2720 707 2761 nonnullos
734 2716 916 2756 habentur.
972 2713 1316 2754 Praestantissimum
1336 2713 1482 2752 Petrum
1500 2709 1685 2758 Salamnn,
1714 2712 1878 2750 amicitia
1902 2711 1999 2751 mihi
2017 2711 2173 2765 Upsaliae
2199 2714 2385 2764 iunRum,

286 2791 519 2833 magnopere
541 2776 669 2820 miror,
689 2770 794 2824 quod
809 2783 888 2810 non
904 2767 1132 2809 dubitaverit
1148 2781 1216 2820 pro
1235 2766 1312 2820 ipso
1330 2765 1488 2804 auctoris
1504 2762 1635 2802 codice
1652 2763 1726 2802 hoc
1741 2765 2041 2817 manuscriptum
2058 2765 2249 2806 venditare
2264 2765 2388 2823 dssert,

287 2833 330 2872 de
348 2839 440 2872 veris
456 2827 501 2871 Εἴ
519 2829 669 2877 antiquis
687 2826 801 2879 gentis
820 2821 975 2861 Gothicae
990 2819 1128 2873 fidibus
1146 2823 1217 2871 1691.
1280 2817 1426 2872 Upfhliae
1442 2814 1512 2871 fitb
1537 2815 1764 2856 moderamine
1782 2817 1831 2858 CI.
1851 2818 1952 2859 Petri
1970 2818 2164 2873 Lagerlo‘ey‘¹
2177 2818 2258 2873 ⁶409,
2279 2819 2386 2873 prof:

288 2887 376 2938 regii
392 2882 469 2925 ord.
489 2879 634 2934 deftnfir
642 2891 720 2932 pag
750 2889 796 2916 22.

2247 2968 2293 3036 §-
2327 2974 2385 3022 11.
