2473 3380
943 116 1057 168 DE
1095 110 1467 171 ULPHILA.
2246 135 2311 183 ¹3

96 237 141 266 ae
167 226 308 267 inducas·
349 238 409 267 nos
432 227 469 266 in
494 227 718 266 mirationem
728 242 743 276 ,·
759 224 826 279 sed
850 224 957 266 libera
982 242 1042 269 uos
1068 242 1091 268 a
1115 227 1311 281 (Articul)
1331 229 1438 279 malo,
1491 232 1575 284 quia
1600 231 1702 271 unam
1738 230 1785 284 est
1862 243 2009 286 regnum
2112 230 2160 274 &-
2178 244 2305 290 poten·

95 285 141 323 ni
158 284 324 339 briggais
340 292 412 326 uns
429 286 470 325 in
486 283 741 338 fraistubnjai:
767 286 829 328 Al<
845 285 957 328 lausei
973 300 1046 329 uns
1059 286 1105 329 af
1114 288 1284 331 thamma
1300 289 1434 331 ubilin.
1469 291 1573 332 Unte
1589 290 1771 333 theinaaeist
1787 291 2069 345 thiudangardi.
2088 292 2152 344 jah
2166 291 2303 334 mahts.

90 375 148 413 tia
166 371 211 414 Εἴ
257 374 371 429 gloria
403 370 441 414 in
467 388 580 414 aevum
599 376 800 429 (aeternum)
818 376 945 418 Amen.

152 433 217 483 jah
234 434 399 477 vulthus.
417 437 458 477 in
475 437 609 478 aivins.
808 439 951 479 Amen.

495 566 920 616 EVANGELIUM
952 532 1159 614 mnne
1193 570 1603 621 NATIVITATIS
1637 571 1903 623 CHR1ST1.

1016 652 1101 695 Luc.
1120 655 1168 704 11,
1199 666 1214 694 1
1244 654 1292 693 ad
1310 667 1370 705 15·

1564 748 1627 797 (ut
1636 739 1852 801 seribere—tur
1870 749 1979 788 omnis
1996 747 2085 789 orbis
2101 748 2302 799 terrarum)

89 792 239 838 Fadum
255 797 303 850 est
318 810 434 839 autem
449 802 487 839 in
514 799 629 841 diebus
709 800 792 849 illis,
872 803 957 840 exiit
1009 801 1155 843 edibiam
1218 817 1240 841 a
1301 803 1431 856 Caefizre
1462 805 1641 859 Angusto,
1687 808 1839 861 scribere
1890 823 2022 848 omnem
2045 805 2161 847 orbem
2188 820 2302 847 terra·

15 886 19 889 .
90 864 126 894 1.
153 857 190 896 V
193 857 274 898 arth
330 858 420 899 than
457 859 658 914 indagans
674 860 835 910 jainans.
865 861 988 900 Urran
1007 862 1173 913 gagrefts
1190 861 1287 902 fram
1306 862 1451 904 Kaisar-a
1467 866 1654 917 Agustan.
1683 870 1874 920 gameljan
1891 870 2010 909 allana
2029 866 2300 921 midjungard:

87 956 181 984 rum.
236 947 322 986 Haec
339 962 454 988 autem
521 948 699 1001 deleriptio
773 952 897 1002 prima
937 949 1047 1002 faita
1062 949 1131 1002 est,
1188 952 1359 1004 praesente
1405 952 1553 1005 praeszde
1579 955 1688 1005 syrice
1741 971 1908 1011 regnante
1932 956 2169 1011 (praefidente)
2203 957 2300 1006 Syris

168 1020 207 1049 2.
235 1006 313 1048 Soh
341 1009 431 1050 than
458 1008 742 1062 gilstrameleins
760 1008 929 1050 frumista
982 1009 1104 1054 varth0
1159 1011 1365 1052 atvisandin
1383 1014 1551 1055 Kindina
1566 1016 1691 1068 Syrias
1707 1017 1939 1069 raginondin
2151 1015 2301 1056 Sam-im

143 1094 299 1145 Cyrenio.
468 1100 519 1139 Et
543 1102 685 1139 iverunt
738 1114 868 1150 omnes,
899 1113 942 1140 ut
957 1099 1088 1153 firipn'
1141 1098 1240 1154 effint
1259 1100 1531 1154 (seriberentur)
1550 1109 1782 1160 unusquisque
1800 1109 1837 1146 in
1852 1106 1965 1160 suam
1985 1104 2171 1146 civitatem.

87 1155 329 1208 Kyreinaiau.
390 1171 424 1207 3.
451 1159 515 1210 jah
534 1161 721 1211 iddjedun
748 1160 831 1200 allai
910 1162 945 1201 ei
963 1162 1116 1201 melidai
1133 1162 1289 1203 veseina.
1577 1165 1781 1218 huarjizuh
1800 1167 1972 1208 inseinai
1997 1167 2139 1219 baurg:

141 1245 244 1284 Exiit
271 1260 386 1288 antem
413 1249 460 1291 ¹&
474 1249 609 1302 Jfflph
627 1264 644 1288 e
670 1249 832 1299 Galilaea,
923 1266 938 1289 e
954 1254 1092 1291 civitate
1123 1251 1310 1291 Nazareth
1432 1254 1469 1290 in
1484 1254 1674 1305 Judaeam,
1699 1260 1736 1296 in
1754 1260 1927 1297 civitatem
1981 1256 2126 1305 David,
2180 1265 2257 1308 qne

83 1317 123 1358 4.
143 1308 267 1348 Uri-an
287 1308 376 1349 than
390 1309 456 1360 jah
480 1308 592 1364 Josef
611 1313 656 1349 us
676 1310 839 1349 Galilaia.
863 1252 948 1361 (us
968 1311 1093 1364 baurg
1108 1310 1326 1351 Nazaraith.
1342 1311 1362 1351 b
1431 1314 1472 1352 in
1488 1314 1667 1366 Judaian.
1694 1317 1735 1355 in
1768 1317 1893 1369 baurg
1931 1315 2110 1358 Daveidis
2195 1311 2247 1353 sei

1445 1402 1758 1458 (zttfiriberetur.)

82 1468 232 1496 vocatur
270 1456 488 1507 Bethlehem,
544 1471 581 1496 eo
599 1456 694 1510 quod
707 1469 784 1496 erat
799 1456 839 1495 de
855 1456 953 1497 domo
995 1459 1149 1511 fizmiliae
1211 1459 1384 1508 Davidis,
1574 1461 1727 1514 seribere
1780 1479 1858 1504 cum
1886 1464 2033 1511 Maria,
2061 1475 2136 1516 quae
2152 1464 2191 1501 in

0 1545 3 1547 >
82 1516 232 1559 haitada
248 1517 510 1558 Bethlaihaim.
541 1516 695 1556 dutheei
721 1529 782 1556 vas
799 1530 842 1556 us
858 1517 972 1570 garda
990 1517 1189 1561 fadreinais
1208 1519 1397 1560 Daveidis.
1428 1531 1430 1533 ·
1455 1531 1494 1569 ς.
1516 1522 1750 1578 -Αῃειῐηεῌεῐι
1768 1523 1866 1563 mith
1885 1525 2042 1567 Mai-iin.
2070 1521 2122 1562 sei
2139 1521 2185 1560 in

82 1604 685 1660 desponfiztione(despmfi1m)erat
721 1608 751 1644 ez·
828 1621 942 1655 nxor,
998 1598 1144 1659 existens
1198 1609 1235 1646 in
1288 1621 1388 1648 utero
1405 1610 1647 1666 (praegnans)
1701 1612 1847 1652 Paetum
1875 1613 1922 1664 est
1949 1626 2083 1660 autem,
2116 1623 2194 1650 cnm
2245 1607 2296 1649 illi

106 1665 295 1718 fragiftim
587 1679 649 1705 vas
668 1667 789 1706 imma
805 1668 953 1719 queins.
975 1667 1167 1709 visandein
1194 1669 1234 1708 in
1253 1670 1434 1710 Kilthon:
1640 1670 1676 1711 6.
1705 1673 1826 1713 Vsu-th
1853 1671 1944 1712 than
1962 1672 2060 1712 mith
2083 1669 2211 1711 thanei
2227 1666 2296 1715 tho

0 1746 4 1749 ¹
81 1754 183 1811 effem
234 1753 282 1794 ibi
299 1783 310 1803 ,
407 1754 539 1808 impleti
555 1753 646 1806 sunt
725 1753 793 1794 dies
847 1756 895 1795 ad
910 1771 1042 1808 parere
1060 1757 1315 1810 (pariendum)
1344 1756 1407 1799 illi.
1516 1758 1567 1796 Et
1599 1763 1741 1813 peperit
1749 1761 1867 1813 filium
1909 1760 2019 1814 ficum
2049 1756 2243 1810 (Articulf)

79 1814 198 1857 vesun
213 1816 344 1867 jainar.
373 1813 678 1854 usfullnodedun
694 1813 814 1869 dagos
841 1815 896 1855 du
919 1814 1047 1855 bairan
1316 1818 1391 1857 izai
1457 1830 1497 1866 7.
1515 1819 1587 1874 Jah
1608 1821 1724 1874 gabar
1758 1821 1858 1863 sunu
1872 1822 2037 1863 seinama
2075 1819 2189 1862 thana

0 1902 5 1905 ’
70 1908 369 1961 primogenitum,
398 1902 444 1944 Εἴ
471 1902 619 1942 involuit
635 1918 730 1953 eum,
760 1903 805 1945 Εἴ
851 1903 971 1957 pofin't
1025 1920 1102 1945 enm
1118 1907 1154 1943 in
1165 1906 1340 1959 praesbpe,
1369 1910 1531 1961 quoniam
1549 1924 1616 1950 non
1635 1923 1713 1949 erat
1729 1912 1775 1950 eis
1857 1911 1948 1950 Iocus
1983 1913 2020 1950 in
2049 1908 2250 1960 diverserio.

105 1963 352 2004 frumabauri.
378 1960 443 2012 jah
472 1960 613 2000 bivand
646 1961 710 2000 ina
743 1961 807 2011 jah
826 1962 1001 2014 galagida
1027 1964 1089 2002 ina
1116 1966 1157 2005 in
1187 1967 1330 2006 uzetin.
1415 1977 1511 2006 unte
1565 1970 1606 2008 ni
1631 1981 1694 2009 vas
1718 1970 1774 2008 im
1790 1971 1826 2019 c)
1843 1971 1962 2010 rumis
1981 1971 2022 2009 in
2083 1967 2185 2007 stada

79 2050 312 2104 (Articulus).
402 2050 453 2089 Et
498 2049 657 2103 pastores
673 2062 777 2089 erant
794 2053 832 2089 in
938 2065 976 2090 ea
1081 2049 1155 2106 ipfiz
1183 2056 1337 2106 regione,
1360 2056 1611 2110 per-efflantes
1694 2057 1741 2099 ξδ’
1760 2058 1979 2110 custodientes
2005 2057 2140 2112 vigilias
2186 2056 2293 2095 noffis

77 2112 270 2153 thamma:
331 2118 365 2154 8.
392 2107 465 2163 Jah
483 2108 648 2160 hairdjos
664 2107 778 2149 vesun
797 2111 837 2149 in
856 2107 1027 2152 thamma
1043 2110 1166 2151 samin
1183 2113 1304 2152 landa.
1317 2113 1655 2156 thairhvalzandans
1676 2117 1742 2168 jah
1768 2119 1965 2160 vitandans
1984 2118 2164 2158 vahtvom
2181 2114 2293 2155 nahts

69 2202 181 2257 fhper
193 2212 335 2254 gregem
350 2195 472 2249 ficum.
607 2199 676 2238 Sed
698 2198 855 2253 Angelus
871 2199 1020 2239 Domini
1025 2199 1233 2253 fitpervenit
1250 2202 1334 2251 illis,
1364 2202 1409 2244 &⁴
1421 2203 1534 2258 gloria
1553 2204 1719 2261 (fulgor)
1739 2206 1888 2246 Domini
1904 2205 2128 2259 circurnficffi't
2146 2221 2216 2254 eos,
2244 2204 2290 2246 &⁶

75 2262 184 2303 ufaro
196 2258 339 2299 hairdai
353 2256 479 2298 seinai.
535 2269 571 2310 9.
598 2257 658 2297 Ith
681 2260 849 2312 Aggilus
865 2260 1004 2300 Fanins
1032 2261 1221 2312 anaquam
1240 2261 1317 2305 ins.
1339 2261 1401 2314 jah
1419 2261 1573 2302 vulthus
1719 2265 1858 2305 Fanins
1923 2265 2072 2306 biskain
2125 2265 2194 2306 ins⁶
2224 2262 2290 2315 jah

76 2355 270 2393 timuerunt
287 2351 410 2388 timore
463 2361 600 2402 magno.
800 2350 850 2388 Et
887 2350 979 2389 dixit
1033 2349 1081 2388 ad
1103 2364 1157 2388 eos
1173 2350 1235 2401 iste
1252 2350 1425 2404 Angelus,
1453 2365 1495 2391 ne
1511 2354 1645 2400 timete,
1700 2357 1862 2405 quoniam
1883 2368 1952 2394 ecce
1971 2356 2139 2393 annuntio
2193 2352 2288 2393 vobis

76 2410 250 2453 ohtedun
303 2408 402 2463 agisa
419 2407 679 2449 mikilamma:
711 2420 770 2450 10.
797 2409 870 2463 Jah
888 2408 1006 2463 quath
1034 2409 1088 2449 du
1106 2411 1161 2449 im
1186 2409 1221 2449 13³
1238 2412 1419 2465 Aggilus.
1449 2412 1491 2451 ni
1507 2411 1662 2465 ogeith:
1742 2424 1836 2454 unte
1888 2413 1938 2454 sai
1992 2413 2097 2466 spillo
2124 2412 2165 2465 d)
2191 2414 2288 2454 izvis

1147 2500 1173 2540 b
1208 2513 1224 2548 3
2194 2518 2285 2560 gau-

127 2631 165 2686 ι)
188 2631 282 2670 Haec
300 2626 410 2668 verba
427 2626 634 2679 parenthesi
656 2626 793 2668 inclusa
812 2643 834 2669 a
850 2626 909 2669 Cl.
932 2629 1050 2680 Junio
1071 2629 1201 2669 omissa
1225 2628 1331 2675 sunt,
1359 2631 1392 2669 8<
1422 2630 1512 2671 hinc
1539 2645 1582 2672 ea
1607 2632 1648 2672 in
1674 2633 1804 2674 codice
1831 2643 2010 2686 argenteo
2036 2632 2157 2675 deess'e
2177 2644 2285 2674 notat

187 2688 338 2727 Thomas
348 2685 597 2740 Mareschallcas
612 2687 653 2726 in
667 2686 741 2728 su‘is
761 2686 1057 2740 observationibus,
1070 2702 1152 2740 quae
1171 2702 1260 2728 vero
1278 2691 1318 2730 in
1337 2690 1400 2732 illo
1418 2690 1602 2743 expreffis,
1614 2691 1926 2746 evidentibusque
1943 2693 2072 2734 litteris
2087 2694 2283 2747 leguntur.

128 2778 169 2833 d>
193 2781 248 2820 Ita
266 2778 363 2818 refile
377 2775 516 2826 Junim
536 2790 733 2830 perperam
749 2777 980 2820 Stiernhielm.
999 2781 1045 2818 in.

125 2870 160 2923 e)
187 2869 250 2913 Ab
267 2868 341 2909 hoc
361 2865 474 2909 verbo
492 2867 596 2907 venit
612 2867 832 2920 Anglorum
847 2844 1008 2923 Godspil‚
1024 2869 1248 2923 evangelium,
