2473 3380
156 174 256 224 290
661 154 794 211 SPE
799 152 1034 211 CIMEN
1067 150 1441 207 GLOSSARII
1479 149 1878 207 ULPHILANI.

223 274 288 320 tio
312 268 513 333 quaelibet
530 269 695 317 variare
714 267 862 320 soleat.
924 265 1255 329 Dispiciendum
1273 267 1362 312 iam
1383 281 1521 327 porro
1543 262 1617 321 est,
1633 280 1731 312 utra
1747 267 1898 326 lingua
1916 276 2066 328 etymo
2086 279 2242 312 eorum
2261 276 2372 325 quae-

222 339 360 386 rendo
383 336 664 385 commodior
681 334 744 386 fit.
800 336 941 383 Latini
969 334 1147 393 quidem
1170 332 1344 380 vultum
1360 333 1448 378 iam
1465 348 1489 376 a
1508 329 1732 387 volvendo,
1757 333 1843 376 iam
1863 349 1888 376 a
1904 332 2130 380 voluntate
2150 331 2369 390 derivant3

222 403 297 452 sed
318 420 554 463 utrumque
574 399 751 462 frigide.
809 400 1000 447 Gothica
1018 416 1121 445 vero
1141 398 1290 458 lingua
1318 398 1431 444 ultra
1458 395 1557 442 heic
1583 394 1772 442 subsidio
1806 396 1934 442 nobis
1963 395 2021 443 est
2031 434 2043 455 ‚
2077 399 2121 444 in
2140 414 2227 457 qua
2244 397 2370 445 wltzi-

225 483 303 521 tan
322 485 443 517 notat
463 469 631 521 videre,
666 466 780 512 unde
800 466 953 516 Marc.
977 480 1022 525 ς,
1043 480 1118 526 32.
1153 462 1370 512 wlaitoda
1383 457 1588 527 fiziqhan
1613 457 1688 510 tho
1709 459 1840 510 chata
1868 462 2148 524 taujandein,
2185 464 2212 512 i.
2236 480 2271 509 e.
2290 465 2370 511 cir·

225 534 555 597 cumspiciebat,
589 531 736 578 videre
757 548 873 588 eam,
909 547 1006 590 quae
1034 531 1122 576 hoc
1149 527 1324 578 fecerat.
1382 526 1703 588 Anglosaxones
1732 527 1912 574 eandem
1939 532 2093 574 vocem
2111 529 2268 577 wlitan
2297 530 2370 576 ha-

221 603 434 657 buerunt,
469 596 570 645 teste
594 598 822 649 Somnero.
874 596 1031 644 Islandi
1052 596 1282 654 Gothique
1304 593 1401 641 elisa
1432 595 1578 654 prima
1603 593 1764 652 littera,
1796 593 2017 639 mollioris
2046 597 2370 653 pronunicatio·

224 669 291 714 nis
313 682 441 727 ergo,
473 665 560 712 lita
580 663 800 710 dixerunt:
838 663 995 711 Marc.
1012 678 1057 721 9.
1083 670 1109 717 8
1189 661 1329 710 Their
1348 662 1435 708 litu
1457 659 1595 724 lering
1614 661 1806 723 umster,
1840 656 2254 719 circumspiciebant.
2294 663 2368 707 Ei·

223 734 306 795 gils
327 735 370 780 S.
398 749 445 792 p.
472 745 493 789 ς
504 745 548 791 3.
598 727 831 792 Hverftm
853 733 869 777 i
889 726 988 776 that
1005 730 1135 786 liter,
1172 729 1422 788 quicunque
1451 727 1497 770 in
1521 725 1606 771 hoc
1634 724 1896 786 (speculum)
1925 722 2112 785 inspicit.
2168 727 2224 771 Et
2250 743 2368 773 com·

222 816 356 845 mune
375 813 554 856 quoque
575 794 633 841 est
651 796 855 857 pluribus
877 793 1090 852 dialeE'tis‚
1125 808 1175 839 ut
1192 811 1217 840 a
1238 793 1436 848 videndo,
1443 790 1613 853 faciem
1631 792 1870 853 appellent,
1903 805 2057 850 utpote
2078 806 2174 849 quae
2192 789 2368 840 obtutui

222 863 372 910 nostro
399 865 444 908 in
468 864 626 923 primis
653 859 693 907 se
714 859 855 908 offert.
905 862 975 907 Sic
1000 858 1318 921 Anglosaxones
1346 857 1483 926 argsyzz
1511 857 1692 916 habent,
1729 874 1807 903 nos
1835 856 2027 921 indign,
2062 855 2105 901 ὃ(
2131 857 2253 915 quod
2278 856 2365 908 huc
2407 868 2416 870 “

219 931 409 991 propius
436 925 562 985 facit,
608 928 672 973 illi
705 928 925 982 andvlite,
968 943 1049 973 nos
1076 928 1234 975 anlete.
1288 925 1433 972 Alem.
1462 925 1667 971 antluzze
1693 925 1760 968 vel
1786 926 2000 978 antlutte,
2032 923 2183 971 Germ.
2210 923 2367 985 antliz,

220 1012 313 1056 quo
333 998 463 1041 etiam
483 990 637 1040 referri
658 993 812 1040 debere
831 993 1126 1054 Ulphilanum
1160 987 1461 1046 andwairtlzi‚
1495 987 1648 1046 facies,
1685 986 1797 1035 infra
1825 988 2097 1036 docebimus,
2150 986 2366 1051 Suffraga-

219 1077 292 1108 tur
309 1062 404 1107 heic
421 1078 444 1106 a
471 1076 541 1105 me
561 1057 688 1105 diffls
714 1060 919 1106 celeberr.
946 1056 1222 1109 Waclzterus
1241 1056 1285 1104 in
1305 1056 1445 1106 Gloff.
1466 1073 1505 1101 v.
1530 1056 1685 1104 antlez.
1707 1054 1916 1100 Mantissae
1939 1055 2038 1100 loco
2059 1051 2240 1101 observo
2257 1091 2267 1110 ,
2303 1059 2364 1102 Is-

216 1127 355 1173 landis
383 1123 541 1171 faciem
569 1124 671 1173 Fles
697 1125 936 1186 appellari,
970 1124 1090 1184 quod
1116 1122 1280 1183 nescio,
1314 1141 1368 1172 an
1397 1140 1420 1171 a
1447 1122 1574 1171 wleiz
1603 1122 1826 1170 inflexum.
1861 1137 1903 1172 v.
1938 1120 2192 1171 Gudmund
2212 1121 2363 1176 Andr.
2404 1182 2409 1187 s

211 1193 297 1241 leX.
332 1210 372 1253 p,
395 1206 476 1251 73.
499 1190 541 1240 b.

147 1257 461 1323 Andbalzcjdn,
497 1256 752 1308 ministrare.
787 1259 939 1307 Marc.
968 1272 1043 1315 10,
1068 1272 1151 1320 45.

282 1322 543 1382 Ana'balzts,
575 1323 737 1373 servuS.
771 1328 921 1374 Marc.
942 1341 992 1384 9,
1026 1341 1101 1389 35.

280 1388 554 1447 Andhahtel,
587 1388 797 1440 officium.
834 1395 944 1440 Luc.
973 1407 1010 1449 1,
1033 1407 1113 1451 23.

218 1460 456 1518 Coniungo
476 1458 580 1511 haec,
593 1472 747 1517 utpote
766 1459 897 1504 unius
917 1457 1064 1518 stirpis
1086 1457 1367 1518 propagines,
1381 1471 1560 1516 quaeque
1581 1453 1680 1500 inde
1692 1452 1744 1499 ab
1755 1452 1949 1515 Ulphilae
1969 1469 2060 1500 aevo
2082 1469 2174 1501 non
2189 1468 2364 1507 tantum.

216 1538 533 1586 peremerunt,
570 1521 641 1569 sed
665 1523 706 1569 ἃ
730 1541 810 1585 per
827 1526 961 1570 varias
981 1527 1174 1584 Europae
1192 1524 1364 1584 linguas
1385 1520 1465 1568 sese
1486 1519 1774 1568 diffuderunt.
1842 1519 1941 1565 Nos
1960 1518 2114 1568 ambat
2133 1520 2357 1580 habemus,

216 1607 306 1650 quo
329 1591 555 1637 denotatur
555 1585 744 1652 servus,
773 1590 840 1636 vel
848 1588 992 1653 serva
1013 1592 1164 1651 potius
1178 1627 1188 1646 ,
1221 1587 1484 1636 honestioris
1503 1587 1790 1640 conditionis,
1820 1583 1996 1631 auffore
2016 1587 2196 1634 Andrea
2214 1589 2359 1639 Suno-

214 1662 288 1705 m's
307 1659 351 1702 in
368 1655 558 1703 versione
579 1655 687 1717 legg.
709 1658 830 1705 Scan.
864 1660 913 1706 L.
938 1672 1009 1718 13.
1046 1674 1083 1705 c.
1108 1662 1153 1705 6.
1190 1653 1273 1705 cfr.
1295 1650 1542 1704 Sticrnlzo'k
1560 1654 1611 1698 de
1632 1655 1724 1698 iure
1743 1656 1904 1700 Sueon.
1923 1668 2007 1700 vet.
2042 1669 2087 1713 p,
2110 1666 2220 1713 207,
2253 1661 2356 1702 Am-

211 1721 352 1771 bacar
372 1724 514 1778 Sonr,
547 1720 660 1767 filius
680 1720 829 1778 servae,
861 1723 979 1783 apud
1001 1722 1158 1773 Verel.
1180 1724 1225 1767 in
1244 1739 1287 1770 v.
1341 1722 1469 1768 Unde
1488 1736 1626 1782 porro
1644 1717 1833 1775 (imbue,
1864 1717 2167 1776 ministerium,
2188 1721 2355 1781 Anglo-

213 1785 297 1836 sax.
322 1783 536 1842 Emaelu,
571 1782 748 1834 embilzt.
784 1788 926 1836 Alem.
954 1784 1159 1836 ambalttt
1186 1788 1268 1835 ἃς.
1296 1784 1374 1838 cfr.
1399 1785 1675 1836 Waclnerus
1702 1786 1747 1828 in
1774 1802 1813 1829 v.
1870 1784 2004 1844 Qod
2031 1777 2164 1830 etiam'
2189 1792 2362 1834 vetere!

212 1853 352 1911 Galli,
382 1854 471 1900 hoc
487 1851 546 1897 est
566 1853 721 1909 Celtae,
752 1854 934 1900 eandem
951 1870 1106 1902 vocem
1124 1852 1378 1905 habuerint,
1412 1849 1587 1897 testatur
1616 1865 1771 1910 praeter
1792 1849 1883 1911 Jul.
1906 1847 2130 1910 Caestzrem
2152 1852 2203 1897 de
2224 1856 2266 1900 B.
2291 1854 2352 1903 G.

212 1919 298 1966 Lib
336 1925 375 1969 6.
400 1938 435 1971 c.
461 1932 536 1978 14.
574 1918 720 1980 Festus
741 1936 933 1978 quoque,
952 1918 1158 1966 scribens:
1193 1919 1420 1966 ambaflus
1438 1918 1562 1981 apud
1577 1916 1780 1963 Ennium
1803 1920 1962 1979 lingua
1985 1916 2170 1964 Gallica
2180 1916 2350 1981 strvus

210 1985 395 2034 dicitur.
454 1986 557 2046 Qio
587 1986 725 2044 magis
753 1985 960 2030 admirari
985 1983 1120 2042 subit,
1154 1985 1261 2030 adeo
1290 1982 1410 2029 irasci
1440 1980 1626 2044 potuiss'e
1649 1974 1820 2046 Jcfi’ph.
1840 1981 2123 2046 scaligerum
2149 1983 2349 2032 adversus

210 2051 466 2116 Goropium
499 2051 741 2108 Becanum,
777 2053 854 2110 qui
881 2049 980 2112 post
1005 2066 1169 2097 renatas
1193 2052 1375 2106 litteras,
1412 2050 1608 2110 primus,
1644 2048 1763 2106 quod
1794 2044 1947 2110 sciam,
1983 2046 2254 2095 subindicare
2273 2068 2346 2098 au-

205 2116 277 2164 sus
298 2115 406 2173 fuit,
441 2132 592 2164 vocem
613 2115 722 2163 hanc
741 2133 829 2162 non
849 2134 871 2162 a
889 2123 1055 2166 circum
1074 2115 1246 2183 agendo
1267 2115 1334 2162 vel
1357 2116 1620 2180 ambigendo
1646 2111 1912 2170 ducendam,
1945 2111 2015 2160 sed
2042 2115 2226 2176 originis
2245 2119 2346 2180 Scy·

203 2185 330 2230 thicae
351 2199 422 2231 aut
439 2182 671 2230 Cimbricae
692 2182 789 2230 effe.
843 2185 977 2245 Qiod
996 2181 1165 2230 facinus
1186 2182 1294 2229 adeo
1314 2182 1451 2228 audax
1476 2183 1710 2245 scaligero
1727 2179 1977 2236 videbatur,
2011 2196 2059 2226 ut
2076 2182 2186 2227 mihi
2205 2183 2345 2230 videa-

203 2258 276 2298 tur
298 2247 465 2297 facilius
488 2248 689 2313 Goropio
711 2247 982 2310 sacrilegium
1005 2265 1080 2296 aut
1099 2244 1384 2311 parricidium
1404 2247 1650 2294 condonare
1677 2244 1888 2307 potuiffe‚
1921 2262 2055 2306 quam
2083 2247 2201 2294 hunc
2232 2249 2342 2297 adeo

201 2331 361 2362 tetrum
384 2332 602 2362 errorem:
635 2330 700 2361 tot
719 2330 830 2360 certe
853 2317 896 2360 in
917 2333 1018 2362 eum
1039 2317 1344 2362 conviciorum
1372 2312 1557 2375 plaustra
1585 2313 1783 2369 coniicit,
1813 2326 1878 2358 tot
1905 2311 2144 2359 malediffis
2173 2313 2340 2374 laceffir‚

197 2396 247 2428 ut
265 2380 394 2429 sciam
408 2418 418 2437 ,
454 2382 574 2428 cuius
594 2398 664 2427 me
683 2379 1028 2441 potentiffimum
1048 2379 1258 2427 misereat.
1290 2396 1330 2428 v.
1350 2381 1456 2428 Lev.
1483 2379 1710 2428 Torrentii
1729 2374 1928 2437 praefatio
1957 2378 2011 2424 ad
2033 2378 2227 2445 Goropiz'
2252 2382 2340 2428 ine·

199 2447 301 2498 dita.
356 2451 492 2494 Nunc
512 2448 564 2492 de
582 2465 627 2493 re
648 2447 717 2493 illa
737 2463 868 2492 nemo
889 2444 978 2493 fere
999 2447 1191 2502 dubitat,
1227 2446 1268 2493 ὅ(
1287 2444 1381 2492 sane
1402 2443 1431 2490 fi
1450 2445 1579 2490 latina
1598 2447 1650 2493 L.
1681 2442 1762 2489 hac
1790 2460 1875 2488 una
1903 2461 2007 2490 voce
2035 2460 2241 2505 tanquam
2272 2448 2333 2493 in-

195 2515 351 2575 digena
372 2516 537 2575 privata
558 2509 712 2568 fuerit,
746 2513 792 2557 in
812 2512 980 2559 bonore
1003 2512 1142 2559 nihilo
1164 2514 1336 2558 minore
1355 2512 1453 2557 ideo
1476 2508 1624 2557 fuerit.
1679 2510 1904 2574 Scaligeri
1921 2507 2156 2558 scommata
2173 2514 2252 2572 qui
2273 2514 2335 2560 vi·

195 2580 296 2626 dere
317 2581 528 2635 voluerit,
564 2580 680 2625 adire
700 2580 862 2638 poterit
880 2580 970 2625 eius
990 2577 1282 2640 castigationes
1303 2579 1348 2622 in
1369 2576 1561 2645 Festum,
1595 2574 1673 2621 sub
1693 2592 1797 2621 voce
1816 2575 2063 2626 Ambac‘tus.

127 2647 402 2703 Andbeitan,
433 2645 655 2706 castigare,
689 2645 928 2705 increpare.
963 2648 1117 2692 Marc.
1138 2652 1180 2701 8,
1213 2656 1291 2706 32.
1349 2647 1503 2706 Qum
1534 2641 1651 2688 aliud
1681 2658 1772 2687 non
1806 2640 2015 2700 adfuerit,
2049 2658 2138 2688 tam
2166 2645 2329 2704 Junius

189 2727 324 2773 quarn
347 2708 708 2761 Stiernlz'z'elmius
726 2723 908 2772 etymon
934 2712 1054 2756 vocis
1080 2710 1322 2757 retulerunt
1347 2710 1399 2755 ad
1423 2711 1535 2754 Suet.
1561 2705 1682 2764 bita,
1715 2708 1932 2756 mordere.
1995 2709 2077 2755 Sed
2102 2708 2209 2755 illud
2238 2710 2326 2758 hue

187 2798 274 2826 non
299 2781 537 2839 pertinere,
569 2776 756 2824 ostendit
772 2777 1084 2837 parallelismus
1105 2779 1157 2824 L.
1179 2775 1422 2830 Islandicae,
1456 2773 1533 2819 ubi
1552 2778 1677 2821 avita
1705 2773 1924 2834 hodieque
1945 2790 2065 2821 notat
2087 2776 2322 2836 increpare,

185 2851 305 2901 avit,
338 2848 602 2907 increpati0‚
637 2847 811 2898 avium,
848 2844 905 2890 id.
932 2843 1045 2890 Bibl.
1065 2841 1312 2897 Islandicis‚
1347 2843 1447 2903 Syr:
1464 2857 1501 2888 c.
1527 2854 1605 2901 33.
1652 2840 1780 2888 Eirn
1806 2839 2085 2905 ogudra’kur
2110 2855 2214 2888 man
2242 2841 2320 2889 [ιε-

182 2923 265 2962 tur
269 2913 348 2978 fig
364 2914 453 2964 ecki
471 2915 616 2968 avita,
648 2911 677 2963 i,
697 2926 736 2961 e.
758 2909 896 2960 homo
917 2910 1081 2971 impius
1109 2906 1150 2956 se
1177 2924 1268 2969 non
1292 2905 1389 2960 finit
1416 2907 1652 2971 increpari.
1686 2902 1766 2960 cfr.
1785 2904 2053 2970 Moesogoth.
2080 2904 2319 2969 idveitjan‚

2158 2989 2313 3036 expro-
