2473 3380
790 220 1340 291 PRAEFATIO
1408 221 1747 290 PRIMA.

295 371 342 417 ui
361 372 406 416 in
432 371 649 433 prologo,
689 367 895 435 Ulplzilae
921 367 1140 435 illustrato
1167 367 1410 430 praemisso,
1446 369 1658 425 indicavi,
1691 385 1761 416 me
1788 369 1911 417 horis
1940 368 2179 419 subcessivis
2209 369 2377 430 aliquid

326 434 589 494 subnotasse,
625 437 744 495 quod
772 433 1033 480 illustrandae
1060 434 1218 495 linguae
1235 433 1567 497 Moesogothicae
1596 433 1798 482 inservire
1824 436 1985 497 posset,
2016 454 2144 498 atque
2172 438 2302 483 etiam
2331 436 2377 481 id

175 506 476 564 maximopere
498 520 569 549 me
586 501 817 547 defiderare
834 498 1051 561 professus
1073 498 1167 548 sum
1183 538 1193 558 ,
1226 518 1275 548 ut
1295 503 1363 548 vel
1386 505 1451 548 vir
1470 503 1521 548 de
1551 502 1698 549 codice
1725 517 1928 563 argenteo
1958 502 2227 563 singulariter
2249 503 2377 548 meri-

175 586 265 627 tus,
302 570 509 615 dominus
540 566 792 616 Eduardus
812 568 930 633 Lye,
964 567 1031 612 vel
1051 569 1295 628 cuicunque
1313 568 1425 614 hanc
1452 566 1639 628 spartam
1672 568 1931 614 demandare
1960 569 2169 627 voluerit,
2202 582 2378 630 nuperae

173 633 430 682 nitidiffimae
462 634 644 680 editioni
675 634 837 680 codicis
863 634 1055 694 argentei
1075 634 1319 692 Oxonienfi,
1341 632 1609 682 Glossarium
1631 635 1813 692 aliquod
1835 632 2093 695 subiungere
2119 636 2243 693 velit,
2281 650 2379 681 rne-

174 718 274 748 cum
298 699 500 746 constitui
522 700 613 746 illas
635 700 804 746 notulas
818 732 831 755 ,
866 716 972 759 quas
995 716 1096 746 meo
1116 700 1309 761 Ulphilae
1330 702 1531 762 exemplo
1556 701 1755 757 adiunxi,
1789 701 1834 746 in
1854 699 2013 746 iustum
2039 699 2238 747 ordinem
2258 701 2378 746 colli-

174 785 296 829 gere,
328 768 370 813 &
389 769 467 823 ita,
502 764 733 828 postquam
760 765 1028 813 emendatius
1047 766 1111 812 illi
1132 766 1317 827 legendo
1340 763 1411 812 fax
1439 767 1614 828 praelata
1642 763 1751 823 fuit,
1783 767 1923 812 eidem
1954 767 2112 812 melius
2143 766 2376 827 intelligen-

175 836 259 893 do,
301 833 609 892 vocabulisque
640 832 691 878 ad
717 830 816 879 suos
849 829 992 878 fontes
1025 833 1282 879 reducendis
1314 833 1663 893 qualemcunque
1692 848 1836 878 meam
1868 833 2152 879 commodare
2181 848 2378 893 operam.

173 901 325 947 Videri
345 900 524 960 quidem
544 897 787 960 possemus,
821 897 921 959 post
941 901 1196 946 Homerum
1217 898 1348 946 Iliada
1367 897 1603 960 designare,
1640 900 1742 958 qui,
1773 898 1881 945 dum
1900 903 1944 944 in
1965 900 2171 945 omnium
2191 895 2379 945 curioso-

173 983 276 1014 rum
296 966 497 1012 manibus
519 963 738 1011 versantur
756 962 1040 1011 eruditiffima
1065 963 1281 1013 Gloffaria
1299 963 1440 1032 Junii
1465 980 1594 1026 atque
1615 962 1950 1014 Stiernlzielmii
1964 1003 1974 1022 ‚
2006 965 2297 1011 nihilominus
2328 962 2379 1011 fi-

177 1034 283 1080 mile
307 1033 414 1092 quid
437 1032 668 1080 molimur.
737 1031 908 1078 Verum
932 1033 1049 1077 enirn
1069 1048 1172 1078 vero
1203 1049 1345 1092 quum
1372 1033 1538 1094 priori,
1573 1029 1814 1093 inscriptis
1839 1033 2129 1077 Alemannicis
2148 1032 2380 1091 Anglo-Sa-
2438 1065 2440 1068 ψ

175 1101 428 1157 xonicisque
449 1095 747 1152 versatiffimo‚
778 1098 982 1143 Gothicae
1012 1094 1155 1144 tamen
1177 1098 1484 1158 Islandicaeque
1504 1099 1664 1160 linguae
1694 1099 1849 1145 notitia
1872 1101 1916 1143 in
1936 1114 2104 1144 tantum
2126 1095 2302 1154 deesset,
2335 1098 2382 1143 in

175 1180 386 1230 quantum
409 1182 457 1227 ex
480 1163 672 1225 Ιζρνηῃῖιῇ
687 1163 908 1225 laboribus
928 1163 1097 1227 hauriri
1117 1181 1206 1210 non
1226 1163 1391 1224 poss'et,
1425 1165 1467 1211 ὅ(
1487 1164 1630 1221 alteri,
1662 1181 1751 1210 non
1772 1166 1918 1210 minus
1939 1162 2076 1225 sagaci
2095 1166 2213 1220 viro,
2249 1180 2382 1223 quan-

173 1227 436 1286 tijimvisciiti
457 1228 627 1294 no‘stro',
661 1225 792 1290 atque
809 1230 918 1277 adeo
945 1247 968 1275 a
991 1228 1185 1276 subfidiis
1216 1228 1506 1287 instrufflori,
1540 1227 1679 1293 prisca
1707 1246 1851 1276 tamen
1878 1230 1968 1276 haec
1995 1230 2144 1292 lingua
2171 1229 2266 1277 satis
2295 1246 2384 1282 non

176 1293 546 1360 effer-familiaris,
580 1297 776 1354 lacunas,
812 1314 917 1357 quas
938 1297 1125 1351 hicillic
1151 1298 1319 1356 inveni,
1353 1294 1557 1358 supplere
1586 1295 1802 1347 constitui.
1869 1300 1973 1343 Hoc
2003 1313 2107 1343 vero
2134 1297 2240 1351 dum
2271 1298 2384 1356 dico,

175 1382 230 1412 ne
250 1379 473 1412 tantorum
495 1365 694 1413 virorum
717 1363 884 1410 labores
903 1381 1078 1425 carpere
1095 1364 1204 1409 velle
1225 1364 1394 1421 videar,
1430 1360 1570 1410 fateor
1589 1363 1812 1421 lubenter,
1846 1363 1973 1424 longe
1997 1365 2184 1410 maxima
2215 1379 2384 1410 utrum-

176 1448 261 1491 que
282 1429 542 1493 praestitiffe,
577 1430 619 1476 ὅ(
636 1446 845 1494 praeterea
865 1432 910 1475 in
931 1429 1178 1476 istiusmodi
1201 1431 1450 1491 linguarum
1470 1431 1522 1477 ad
1544 1428 1644 1476 suos
1663 1426 1806 1475 fontes
1833 1428 2086 1476 redufflone
2107 1429 2387 1478 certiffimum

177 1496 282 1555 esse,
317 1497 453 1543 multa
473 1496 572 1543 ideo
593 1513 682 1543 non
705 1498 918 1557 ignorari,
952 1497 1073 1557 quod
1095 1499 1321 1544 memoria}
1341 1499 1381 1543 le
1402 1511 1607 1557 tanquam
1629 1492 1774 1542 affinia
1793 1495 1933 1542 statim
1960 1512 2048 1542 non
2076 1495 2285 1553 offerant,
2320 1499 2388 1544 in·

175 1565 338 1627 primis
358 1562 589 1624 postquam
610 1563 800 1623 aliquam
824 1563 1139 1609 elementorum
1168 1566 1453 1610 mutationem
1473 1561 1654 1610 subiere.
1722 1563 1947 1622 Quicquid
1968 1580 2069 1609 vero
2089 1566 2181 1609 eius
2210 1561 2280 1620 fit,
2317 1565 2387 1611 vel

178 1648 231 1678 eo
253 1632 434 1677 nomine
455 1628 733 1676 necessarium
757 1630 868 1676 mihi
887 1627 1024 1676 visum
1047 1626 1154 1686 fuit,
1185 1630 1443 1676 huiusmodi
1472 1630 1578 1688 quid
1608 1646 1631 1674 a
1660 1628 1784 1675 nobis
1816 1630 2092 1686 concinnari,
2123 1630 2244 1689 quod
2273 1629 2389 1692 post·

178 1714 311 1757 quam
343 1698 509 1759 partim
539 1713 682 1742 veram
712 1694 942 1743 leffionem
970 1697 1177 1757 plurimis
1210 1696 1316 1742 locis
1346 1696 1636 1751 restituimus,
1673 1697 1836 1756 partim
1867 1695 2000 1741 multa
2027 1696 2145 1751 loca,
2179 1697 2272 1743 aliis
2301 1713 2391 1744 non

178 1761 310 1819 leaa,
343 1764 670 1818 extricavimus,
705 1760 800 1808 fieri
823 1780 909 1808 non
931 1763 1151 1822 potuerit,
1188 1764 1294 1820 quin
1318 1765 1454 1809 varias
1473 1779 1600 1807 voces
1624 1764 1667 1807 in
1689 1761 1913 1822 prioribus
1933 1760 2161 1808 Glossariis
2187 1761 2390 1810 exstantes

172 1829 541 1890 expunxerimus,
574 1828 698 1885 alias,
731 1845 886 1888 easque
914 1844 1100 1873 numero
1123 1828 1288 1888 plureS,
1323 1826 1658 1882 restituerimuS‚
1693 1844 1882 1886 quarum
1906 1829 2018 1874 ratio
2046 1844 2094 1875 ut
2123 1846 2213 1875 non
2242 1831 2388 1878 minus

179 1893 407 1958 perspicua
427 1892 552 1950 effer,
588 1894 897 1954 explicatione,
933 1894 1107 1953 qualem
1127 1893 1417 1948 meditamur,
1454 1893 1748 1954 indiguerunt.

316 1961 465 2006 Huius
491 1976 592 2005 vero
616 1958 795 2005 instituti
818 1961 903 2005 mei
924 1962 1136 2005 rationem
1158 1961 1266 2005 dum
1287 1960 1456 2021 pando,
1493 1961 1536 2004 in
1560 1957 1817 2006 antecessum
1845 1959 1955 2003 mihi
1977 1959 2224 2007 monendus
2246 1979 2309 2021 es,
2340 1966 2392 2016 L.

177 2029 226 2076 Β.
247 2043 317 2073 me
335 2023 607 2073 Glossarium
626 2026 918 2086 Ulphilanum
945 2026 1043 2073 heic
1062 2025 1262 2072 exhibere
1277 2059 1289 2081 ,
1323 2044 1412 2072 non
1436 2026 1561 2086 quale
1579 2027 1744 2071 editum
1765 2026 1894 2070 velim
1909 2061 1919 2080 ,
1954 2023 2023 2071 sed
2049 2043 2194 2073 meam
2222 2044 2392 2078 tantum

182 2111 237 2141 eo
258 2091 447 2155 spe-{iare
468 2109 676 2153 operam,
709 2108 758 2139 ut
789 2093 861 2138 illa
888 2092 1014 2138 edam
1041 2090 1370 2154 supplementa,
1406 2110 1500 2153 quae
1529 2110 1611 2152 ego
1637 2091 1773 2158 Juniz'
1794 2092 2205 2152 Stiernltielmiique
2232 2095 2391 2144 labori·

181 2159 263 2207 bus
283 2158 501 2205 adstruere
520 2161 664 2219 potui.
732 2161 850 2205 Hinc
870 2160 913 2204 in
938 2156 1296 2219 subsequentibus
1319 2158 1628 2221 speciminibus
1653 2159 1761 2204 nihil
1785 2156 1874 2204 fere
1896 2175 2050 2204 eorum
2079 2159 2254 2206 allatum
2276 2165 2390 2211 inve-

182 2228 297 2283 nies,
328 2243 424 2286 quae
445 2226 608 2271 horum
632 2223 836 2272 industria
855 2227 1085 2287 praecepit3
1119 2242 1246 2284 atque
1275 2227 1384 2273 adeo
1415 2226 1491 2272 ubi
1521 2226 1633 2271 nihil
1662 2225 1910 2271 addendum
1936 2224 2095 2282 habui,
2128 2228 2291 2275 nudam
2317 2247 2391 2278 vo.

184 2310 277 2339 cem
298 2291 580 2339 &interdum
605 2292 718 2338 illius
747 2290 936 2338 auFtoris
963 2309 1126 2338 nomen
1156 2293 1334 2339 citatum
1361 2294 1573 2338 invenies.
1609 2295 1682 2351 qui
1719 2293 1770 2338 de
1800 2293 1948 2337 eadem
1978 2291 2148 2352 plenius
2174 2297 2277 2355 egit.
2346 2300 2393 2346 Si

183 2376 288 2407 vero
311 2358 463 2404 iustam
485 2356 691 2404 Glossarii
716 2359 951 2405 editionem
974 2360 1193 2420 quispiam
1214 2359 1517 2415 meditaretur,
1553 2359 1617 2404 illi
1648 2359 1758 2403 nihil
1776 2359 1928 2416 utique
1956 2375 2108 2403 eorum
2140 2365 2394 2420 praetermit·

184 2426 364 2472 tendum
387 2421 525 2481 foret,
561 2441 656 2483 quae
673 2425 770 2469 heic
789 2424 1008 2471 brevitatis
1029 2442 1157 2486 ergo,
1194 2425 1236 2471 δι
1265 2443 1317 2470 ne
1348 2426 1536 2472 aliorum
1564 2424 1784 2470 laboribus
1816 2426 1860 2468 in
1888 2424 2055 2469 tantillo
2080 2442 2214 2485 opere
2235 2445 2392 2489 uterer,

183 2493 360 2555 penitus
380 2489 520 2539 omisi.
593 2493 895 2551 Cogitaveram
929 2492 1129 2551 quidem,
1166 2493 1210 2536 in
1238 2489 1460 2552 praesentia
1491 2492 1735 2551 pleniorem
1764 2490 1815 2535 de
1846 2491 1988 2549 lingua
2008 2490 2246 2552 Ulphilana
2277 2513 2394 2544 com.

184 2560 497 2606 mentationem
518 2559 804 2617 praemittere,
839 2574 1012 2613 verum,
1048 2574 1187 2616 quum
1209 2557 1451 2619 operiosior
1471 2557 1517 2602 sit
1539 2557 1610 2601 hic
1631 2556 1764 2608 labor,
1796 2573 1926 2615 quam
1949 2573 1996 2601 ut
2016 2560 2247 2617 curriculo,
2269 2564 2392 2622 quod

183 2624 266 2671 hac
284 2622 502 2671 occasione
523 2622 650 2669 nobis
672 2621 987 2683 descripsimus,
1022 2625 1270 2680 conveniat,
1306 2625 1491 2683 ideoque
1512 2639 1606 2668 eam
1626 2639 1805 2683 operam
1829 2624 1872 2667 in
1894 2622 2032 2677 aliud,
2070 2626 2191 2683 quod
2216 2629 2311 2675 Deo
2331 2626 2385 2677 vi«

184 2688 282 2737 sum
302 2687 456 2747 fuerit,
490 2705 662 2750 tempus
682 2688 943 2746 differimus,
973 2688 1309 2737 introduffionis
1328 2690 1550 2752 perbrevis
1572 2689 1673 2735 loco
1696 2688 1912 2748 sequentia
1931 2703 2098 2736 tantum
2119 2690 2296 2743 lesioris
2311 2712 2391 2743 no-

183 2755 260 2804 stri
278 2757 442 2803 iudicio
463 2757 505 2802 in
526 2755 747 2816 praesentia
776 2753 1085 2805 submittentes,
2230 2752 2232 2756 ’

321 2826 431 2884 Qiae
458 2823 510 2868 de
529 2838 677 2868 natura
699 2821 740 2867 ὅ(
767 2824 935 2882 origine
965 2822 1214 2882 linguarum
1241 2821 1523 2878 disseruntur,
1556 2834 1606 2870 ut
1628 2821 1879 2869 obscuriora
1901 2820 2017 2876 sunt,
2047 2840 2177 2882 quam
2205 2840 2253 2871 ut
2278 2826 2390 2875 ultra

185 2886 452 2937 conicituras
475 2890 710 2950 quisquam
727 2889 939 2951 progredi
955 2887 1110 2952 poffit3
1139 2890 1196 2937 ita
1216 2889 1263 2937 id
1280 2887 1516 2936 indubium
1546 2887 1617 2948 est,
1638 2906 1688 2935 ex
1706 2905 1796 2937 uno
1814 2885 1937 2935 fonte
1958 2889 2243 2951 promanasse,
2265 2909 2392 2952 quot-

2283 2976 2393 3020 quot
