2473 3380
117 133 191 180 28s
797 112 1585 171 EVANGELIUM

124 250 141 281 ι
155 247 198 284 2·
233 230 320 292 qha
339 231 454 277 thata
471 228 589 279 'kuni
604 225 664 295 g)
689 226 1020 290 taiknjsokeith.
1049 242 1177 273 amen
1258 238 1332 274 12.
1363 225 1498 288 Qid,
1514 225 1600 272 hoc
1619 240 1755 285 genus
1775 222 1945 285 fignum
1966 225 2136 284 quaerit.
2172 225 2315 268 Amen

184 297 338 359 quitha
377 297 497 342 izwis
540 294 653 357 jabai
690 294 912 360 gibaidau
945 294 1003 356 lt)
1043 291 1178 354 kunja
1321 290 1424 337 dico
1444 289 1624 348 vobis,fi
1645 290 1772 338 detur
1790 292 1939 353 generi
1956 289 2060 337 huic
2083 287 2315 351 (aliquod)

185 365 379 410 thamma
408 361 570 411 taikne.
1319 354 1554 418 signorum.

119 443 201 480 20.
235 426 484 477 usnemuth.
505 432 522 476 i
517 428 550 491 )
588 425 636 492 J.
657 427 700 474 ὅ(
724 427 797 476 St.
823 422 1065 473 usnemith.
1256 436 1333 472 20.
1370 419 1615 471 Sustulistis.

117 503 199 546 26.
234 497 280 540 in
311 492 512 543 thamma
532 493 584 558 k)
611 491 759 543 wehsa.
1255 495 1337 539 26.
1372 491 1421 535 In
1449 488 1536 535 hoc
1565 489 1680 536 vico.

119 570 200 619 28.
234 558 406 608 sumaih
436 559 549 609 than
579 561 601 607 l
591 559 623 622 )
655 560 803 604 ainana
832 553 1046 618 praufete.
1066 597 1082 599 ι
1257 563 1339 610 28.
1376 555 1569 617 Qidam
1591 569 1694 599 vero
1712 570 1853 601 unum
1881 554 2217 617 prophetarum.

120 643 144 691 3
156 642 201 688 3.
235 625 423 675 andbait
444 627 515 686 m)
552 627 717 686 paitru.
788 623 860 672 St.
889 622 1114 672 andbaith.
1259 636 1340 684 33.
1374 621 1619 682 Increpavit
1655 621 1842 668 Petrum.

118 702 196 757 36,
227 693 314 753 qha
343 691 431 738 auk
457 689 622 740 boteitlz
651 688 704 752 n)
747 705 943 735 mannan⁴
964 688 1078 752 jabai
1106 703 1180 751 ga·
1259 694 1335 751 36.
1372 686 1496 751 Quid
1515 687 1632 733 enirn
1653 684 1850 745 proderit
1868 686 2057 745 homini,
2076 686 2107 735 fi
2126 687 2319 734 lucretur

182 757 373 821 geigaith
395 758 523 804 thana
543 750 722 816 fairqhu
743 756 915 806 allana.
936 760 981 816 0)
1324 752 1541 801 mundum
1562 766 1705 798 totum
1718 750 1743 801 ’ἶ

120 834 196 886 38,
234 828 280 870 ln
300 823 495 870 wulthau
524 825 652 870 attins
658 819 822 886 spinis.
841 820 907 887 p)
1258 829 1337 882 33.
1371 823 1421 866 In
1441 819 1580 882 gloria
1605 818 1741 879 patris
1763 814 1844 865 sni.

535 892 639 949 Cap.
672 890 755 936 IX:
1674 886 1785 944 Cap.
1812 885 1895 929 IX:

117 973 160 1020 3.
193 956 263 1016 iah
274 952 437 1017 wastjos
458 955 494 1000 is
512 953 743 1000 waurthun
759 952 1177 1020 glitmunjandeins.
1256 968 1300 1016 3.
1333 955 1390 997 Et
1404 949 1654 996 vestimenta
1678 952 1769 994 eius
1793 945 1902 995 fasta
1922 946 2016 995 sunt
2037 946 2316 1010 splendentia,

180 1018 632 1088 qheitosszvefizaiws
650 1021 698 1085 q)
719 1018 942 1065 swaleikos
964 1017 1043 1065 swe
1062 1021 1179 1067 wul-
1319 1018 1412 1065 alba
1443 1016 1546 1062 ficut
1573 1018 1666 1070 nix,
1703 1016 1849 1075 qualia
1877 1013 1988 1062 fullo
2021 1017 2066 1061 in
2094 1032 2206 1062 terra
2227 1032 2317 1062 non

188 1089 329 1138 larcia·
349 1085 400 1150 r)
427 1103 506 1133 ana
533 1085 689 1132 airthai
715 1088 761 1132 ni
787 1103 889 1148 mag
914 1086 1176 1149 gaqheitjan.
1322 1081 1465 1147 potest
1495 1082 1705 1130 dealbare.

2263 1162 2312 1204 9.

160 1290 205 1345 g)
231 1279 441 1327 Emendate
458 1286 552 1337 legit
572 1287 610 1324 B.
634 1283 802 1336 vitioseJ
833 1285 868 1322 3<
886 1284 929 1320 St
958 1282 1046 1320 kun.
1072 1282 1133 1319 Sic
1153 1293 1308 1330 quoque
1325 1281 1423 1316 male
1446 1279 1539 1316 infra
1561 1282 1641 1330 Cap
1675 1293 1696 1327 9
1710 1310 1720 1327 ,
1756 1293 1812 1331 19·
1842 1294 1909 1333 pro
1927 1280 2017 1319 kuni
2035 1280 2174 1320 habent
2191 1282 2315 1330 kanni,

214 1340 258 1381 id
286 1339 392 1390 quod
416 1337 527 1376 fimul
554 1336 722 1375 observes
749 1338 841 1376 Luc.
864 1346 906 1385 9,
937 1346 1001 1380 43.
1073 1331 1193 1371 Probe
1220 1343 1348 1370 autem
1376 1334 1461 1369 Luc,
1501 1344 1540 1377 3,
1573 1343 1609 1376 7.
1635 1331 1743 1377 kmi,
1767 1345 1898 1384 genus,
1919 1335 2120 1381 progenies,
2150 1335 2206 1372 Isi.
2229 1335 2318 1382 kyn,

144 1402 146 1404 ’
219 1394 332 1432 Suec'.
351 1391 444 1433 kim.
473 1391 709 1441 Anglo-Sax.
740 1400 865 1436 qynne,
892 1389 1022 1426 Franc.
1042 1386 1077 1423 Sc
1096 1386 1212 1423 Alam
1240 1384 1361 1429 kann,
1386 1383 1519 1427 clnmn,
1547 1383 1697 1430 channe,
1725 1384 1870 1429 clmnni,
1901 1383 2028 1422 kunui,
2084 1385 2163 1423 Vid
2199 1385 2330 1426 §chila-

221 1443 377 1485 Gloffar.
395 1445 501 1482 Teut
530 1456 566 1494 p.
585 1442 668 1487 176.
725 1441 795 1479 His
814 1437 998 1478 consentit
1019 1450 1140 1489 graec.
1159 1438 1251 1480 γένος
1261 1465 1271 1483 ,
1293 1448 1406 1488 genus
1473 1435 1618 1474 Omnia
1636 1434 1790 1474 deducit
1808 1435 1949 1484 Junius
1967 1447 1987 1472 a
2005 1449 2146 1484 cennan,
2159 1442 2316 1491 gignere,

219 1509 344 1550 graec.
373 1495 501 1539 γεννὶν.
557 1493 687 1533 Confi·-
721 1491 834 1531 Gloss’
860 1491 962 1531 Goth
1003 1503 1043 1542 p.
1069 1501 1158 1535 223.

165 1551 204 1602 Ιι)
231 1552 335 1589 Haec
352 1561 437 1587 vera
455 1549 490 1585 ὅ(
508 1547 677 1598 genuina
695 1545 840 1584 codicis
860 1546 940 1583 MS.
965 1543 1096 1589 leffio,
1126 1555 1206 1581 non
1226 1538 1367 1594 gibaid,
1395 1554 1491 1593 quae
1511 1542 1553 1580 Β.
1571 1553 1640 1580 nec
1653 1538 1785 1594 gibaidi
1797 1569 1802 1575 .
1833 1552 1929 1590 quae
1946 1541 1980 1591 J.
2004 1541 2093 1580 &St
2160 1544 2251 1581 Rev.
2272 1544 2318 1583 Β.

214 1602 312 1641 dum
329 1601 536 1653 Junianam
558 1599 761 1648 leffionem
778 1597 918 1643 reiicit,
944 1595 1050 1634 suam
1073 1593 1186 1645 ipfius
1209 1606 1280 1633 nec
1298 1592 1382 1633 satis
1398 1593 1552 1646 probat,
1589 1604 1722 1646 utpote
1741 1605 1856 1644 quam
1875 1594 1990 1644 genio
2015 1595 2058 1633 L.
2086 1597 2313 1636 contrariam

215 1653 307 1700 effe,
333 1666 402 1705 pro
421 1651 488 1691 suo
510 1652 688 1691 acumine
708 1650 811 1690 vidit⁴
869 1649 925 1688 cfr
954 1648 1021 1688 Ed.
1039 1649 1067 1686 B
1098 1660 1132 1699 p.
1156 1658 1206 1698 90
1237 1660 1264 1685 n
1296 1659 1317 1684 a

160 1707 194 1757 i)
219 1709 274 1746 Ita
291 1708 332 1745 Β.
351 1707 387 1744 ὅ(
409 1705 506 1745 reste
516 1719 528 1751 3
555 1717 647 1743 nam
668 1701 839 1742 usnemith
855 1703 970 1754 genio
987 1701 1148 1752 Lingua·
1166 1698 1392 1740 adversatur,
1439 1712 1473 1738 v.
1491 1697 1652 1738 Schema
1677 1697 1882 1738 verborum
1907 1699 2021 1737 tertiae
2045 1699 2148 1750 conj.

161 1759 199 1812 k)
227 1762 264 1813 J.
282 1757 604 1849 &{t.t15ammalz,
644 1755 708 1797 sed
725 1756 806 1795 hin
823 1752 900 1795 fine
925 1755 1007 1795 tolli
1029 1752 1140 1804 jubet
1167 1751 1403 1792 consuetudo
1430 1750 1666 1792 amanuensis
1693 1751 1848 1792 Gothici
1871 1752 2052 1791 continua
2060 1766 2074 1800 3
2124 1754 2170 1796 Β.
2196 1753 2317 1807 igitur

212 1812 311 1852 teile
355 1824 415 1850 ine
442 1825 466 1849 ι.

161 1864 201 1916 1)
227 1868 272 1906 Β.
294 1866 328 1903 ὅ(
347 1866 383 1917 J.
403 1862 584 1902 similiter.
639 1863 758 1916 Apud
774 1865 830 1905 St.
854 1860 972 1908 tham,
1009 1873 1130 1900 errore
1154 1858 1397 1912 typographi.
1812 1886 1815 1889 -

162 1919 214 1970 m>
240 1918 350 1957 Reete
369 1918 410 1955 B.
434 1918 510 1968 &J
575 1917 672 1955 Non
697 1916 881 1962 andbaith,
918 1913 1035 1953 exstat
1062 1915 1166 1952 enim
1203 1926 1237 1951 v.
1264 1925 1320 1958 32·
1352 1912 1526 1964 proxime
1552 1908 1777 1963 praecedenti
1805 1907 2000 1958 andbeitan,
2031 1911 2066 1950 ὃ(
2094 1924 2172 1964 cap.
2196 1924 2228 1959 1,
2250 1924 2310 1960 ις’.

215 1968 368 2008 andbait.
424 1967 672 2008 Vocabulum
692 1968 964 2020 cognationem
994 1966 1131 2007 habere
1156 1964 1309 2004 videtur
1333 1978 1425 2003 cum
1452 1965 1512 2003 Isl.
1537 1966 1652 2004 avita.
1686 1966 1884 2013 increpare,
1928 1963 1962 2000 ὃ(
1990 1965 2083 2011 avit,
2111 1966 2312 2016 increpatio.

212 2021 425 2062 Nonnullis
444 2020 665 2060 descendere
683 2021 847 2060 creditur
863 2020 909 2058 ab
928 2017 1000 2056 and
1014 2020 1079 2065 ἐις,
1108 2019 1186 2064 ἐπὶ,
1216 2019 1274 2063 in,
1305 2017 1339 2056 8<
1358 2015 1493 2063 beitan,
1529 2017 1590 2054 cui
1619 2015 1733 2055 affine
1757 2013 1963 2066 Anglolax.
1992 2014 2137 2061 beatan,
2163 2015 2312 2069 beotjan,

136 2099 138 2101 -
213 2073 360 2121 caedere,
386 2074 566 2113 minitari,
594 2075 627 2111 ὅ(
646 2074 752 2112 Suet:v
773 2071 864 2119 bita,
894 2069 1052 2109 mordere
1060 2084 1075 2115 ;
1114 2082 1211 2114 cum,
1235 2079 1280 2107 ut
1302 2068 1422 2108 verbis
1439 2078 1523 2107 utar
1539 2069 1735 2120 Junianis,
1782 2069 1890 2105 onmis
1913 2069 2102 2119 increpatio
2129 2081 2168 2106 ac
2192 2082 2309 2121 repre-

214 2123 344 2176 henfio,
370 2122 584 2176 quadamfi't
602 2124 695 2162 velut
711 2121 919 2174 morfi'catio:
949 2122 1025 2161 vid.
1048 2120 1161 2161 Gloss‘.
1184 2120 1286 2160 Goth
1316 2135 1351 2173 p.
1373 2128 1419 2167 58
1458 2121 1541 2160 coll.
1558 2134 1648 2159 cum
1667 2118 1778 2159 Gloff.
1801 2118 1975 2159 Nobiliff.
1993 2120 2146 2160 ssi-emh.
2164 2134 2200 2172 p.
2227 2133 2286 2166 ¹3.

162 2179 207 2228 n)
234 2179 296 2218 Sic
312 2178 410 2217 reeie
427 2179 472 2217 Β.
493 2178 526 2215 ὅ(
545 2178 586 2228 J.
639 2179 695 2218 St,
715 2175 883 2222 botheitlz‚
910 2174 973 2213 sed
998 2175 1020 2212 h
1038 2176 1154 2226 prius,
1184 2187 1306 2212 errore
1324 2173 1476 2218 librarii,
1501 2173 1764 2224 interpositum
1783 2172 1866 2217 esse,
1894 2185 1940 2209 ex
1959 2172 2137 2211 Gloffmio
2157 2172 2311 2214 constat.

161 2234 202 2282 ο)
211 2233 266 2292 ἱ].
286 2231 322 2269 3<
344 2230 387 2269 St
425 2227 568 2274 allama,
608 2229 735 2280 quod,
770 2228 796 2267 fi
821 2228 1027 2278 requireret
1052 2225 1299 2272 constr-ustio,
1335 2225 1432 2264 foret
1457 2224 1637 2267 allamma;
1683 2223 1785 2264 casus
1804 2234 1936 2263 autem
1962 2225 2093 2264 tertius
2114 2239 2313 2278 perperam
2388 2243 2393 2247 ’

212 2281 390 2333 iungitur
409 2279 639 2319 accusativo:
666 2279 935 2332 thanafhirqhu
944 2292 956 2325 3
984 2278 1195 2331 legendum
1216 2279 1339 2329 igitur
1356 2291 1447 2316 cum
1464 2277 1595 2316 codice
1622 2278 1656 2316 &
1683 2279 1729 2320 Β.
1748 2274 1875 2318 allana.

155 2336 207 2390 Ρ)
233 2336 282 2374 St.
305 2331 579 2384 habetfiinins,
605 2332 749 2372 mendo
767 2331 1016 2385 typothetico.
1068 2331 1179 2370 Reste
1204 2332 1245 2368 B.
1270 2331 1306 2368 ὃ(
1329 2330 1479 2378 Junius.

161 2393 205 2441 q)
233 2386 386 2427 Codicis
402 2387 477 2425 Ms.
494 2383 674 2436 suffragio
693 2386 829 2424 nititur
846 2384 924 2422 haec
942 2384 1073 2429 lectio,
1101 2383 1162 2420 cui
1183 2395 1229 2420 ex
1246 2382 1459 2420 conienura
1485 2378 1678 2431 ingenio&
1703 2379 1949 2419 Reverendiff
1973 2379 2154 2419 Benzelius
2178 2381 2309 2423 album

214 2439 403 2478 calculum
419 2436 544 2476 addit:
571 2438 707 2476 retinet
722 2436 975 2476 nihilominus
992 2436 1033 2473 in
1055 2444 1237 2473 contextu
1253 2433 1453 2472 leffionem
1468 2434 1502 2485 J.
1523 2434 1556 2471 ὅ(
1575 2433 1625 2470 St.
1632 2432 1704 2483 jah
1720 2431 1859 2483 wastjos
1882 2435 1910 2471 is
1928 2433 2124 2471 waurtlmn
2143 2433 2309 2486 glitmun-

202 2490 329 2544 jande.
355 2489 443 2541 swa
461 2487 830 2541 thitosswefhaiws.
850 2486 934 2538 swa
952 2488 985 2525 ἃ
996 2485 1076 2537 swe
1093 2485 1249 2538 perinde
1267 2487 1558 2537 coniunguntur
1573 2484 1673 2536 apud
1696 2486 1756 2524 Μ.
1775 2485 1941 2533 Gothos,
1975 2498 2017 2525 ac
2034 2486 2135 2538 apud
2158 2487 2307 2536 latinos,

205 2543 256 2595 ssc
274 2545 308 2582 ὃ(
328 2555 388 2590 ut,
418 2543 452 2581 ἃ
472 2540 573 2594 apud
592 2554 682 2588 nos,
699 2540 752 2593 sa*
768 2542 802 2579 8<
818 2540 917 2592 som:
953 2541 1116 2579 occurrit
1143 2549 1270 2578 tamen
1286 2537 1384 2590 Jive,
1417 2536 1583 2577 absolute
1607 2536 1794 2590 positum,
1828 2552 1909 2577 non
1933 2537 2005 2577 hoc
2032 2539 2119 2578 loco
2142 2551 2305 2588 tantum,

211 2595 275 2636 sed
291 2595 486 2635 nonnullis
502 2595 616 2633 etiam
634 2594 733 2641 aliis,
760 2607 795 2632 v.
817 2607 854 2643 g.
878 2592 1004 2631 Matth
1041 2605 1098 2637 10,
1119 2603 1174 2638 25.
1199 2593 1316 2630 Marc.
1342 2604 1375 2638 1,
1401 2602 1456 2629 10.
1514 2592 1574 2629 De
1607 2603 1698 2629 voce
1716 2589 2026 2644 glitmmy’andi’ins
2049 2593 2204 2643 ingratae
2227 2606 2307 2633 non

215 2658 326 2687 crunt
346 2648 529 2699 quaerenti
543 2646 734 2686 solidiores
751 2644 927 2685 Nobiliff.
944 2644 1096 2684 Stiernh.
1118 2642 1410 2690 observationes,
1438 2641 1590 2682 Glossar.
1613 2642 1767 2695 Ulphila
1792 2642 1907 2683 Goth.
1932 2657 1971 2695 p.
1990 2654 2053 2695 73.
2079 2647 2116 2683 ὅ(
2133 2655 2197 2694 74.

162 2701 205 2753 r)
229 2699 376 2739 Nostrae
392 2700 545 2739 leffioni
565 2700 706 2738 iterum
722 2698 933 2738 adversatur
948 2697 1157 2736 editor-om:
1186 2695 1391 2748 wzslareis‚
1420 2708 1537 2747 quam
1559 2709 1639 2735 non
1668 2695 1826 2748 quidem
1851 2697 2055 2744 miramur,
2091 2709 2215 2747 quum
2241 2710 2302 2738 co-

214 2752 288 2791 dex
307 2752 344 2791 h.
363 2753 386 2791 1.
409 2751 454 2791 sit
470 2751 650 2792 vetustate
670 2750 882 2791 admodum
903 2760 1120 2801 corruptus:
1148 2749 1385 2788 centunculis
1402 2759 1530 2787 autem
1548 2748 1785 2802 compositis,
1814 2749 1999 2801 omnique
2025 2747 2189 2788 adhibita
2211 2763 2301 2790 ocu·

210 2805 338 2844 lorum
356 2805 454 2852 acie,
489 2803 645 2856 vestigia
689 2804 809 2844 emini
826 2802 859 2840 ll
872 2803 1026 2842 tandem
1046 2801 1202 2842 indubia
1219 2802 1447 2841 invenimus.
1475 2799 1650 2841 wullanis
1668 2816 1757 2842 vero
1790 2802 1963 2842 eiusdem
1989 2800 2139 2840 familiae
2166 2815 2303 2844 vocem

213 2855 306 2906 ess‘e,
335 2868 377 2896 ac
395 2857 600 2898 latinorum
614 2856 734 2909 fule,
769 2856 878 2897 facile
903 2854 1129 2908 perspexerit
1162 2855 1295 2895 lesior:
1340 2868 1378 2893 w
1407 2867 1488 2895 non
1513 2867 1596 2894 raro
1622 2855 1663 2894 in
1676 2855 1718 2907 f
1739 2853 1808 2895 sub
1832 2854 1964 2896 acriori
1986 2855 2301 2905 pronunciatione

1138 2938 1142 2939 ν
2201 2919 2296 2949 tran-
