2473 3380
724 130 1651 188 ANNOT‘ATIONES.
2174 156 2270 207 137

58 246 161 295 dam
174 260 320 304 meus,
340 240 542 306 germane
559 241 767 292 Persicam
786 261 1016 305 utramque
1036 244 1131 303 effe,
1150 247 1318 307 quippe
1339 247 1382 292 in
1403 263 1488 308 qua
1506 243 1802 314 centumfied,
1822 248 1993 300 &mille
2009 249 2160 315 bezan
2182 255 2261 305 ho-

61 315 217 374 dieque
238 312 498 376 appellatur,
528 328 568 358 v.
593 310 843 360 Meninskii
871 310 999 373 Theſs
1015 328 1196 374 p.2941
1222 313 1263 359 ὅ(
1290 321 1430 373 5465.

252 379 542 425 Eruditotum
566 395 696 424 nemo
733 377 810 435 est,
842 380 919 437 qui
942 377 1121 435 nesciat,
1155 379 1197 426 8<
1223 384 1427 439 magnam
1456 382 1566 427 inter
1591 381 1759 442 linguas
1785 383 1986 430 Gothicae
2013 387 2262 450 originis-81

54 444 262 492 Persicam
293 447 477 491 inveniri
505 445 795 492 harmoniam.
853 445 1085 490 Undenam
1114 462 1219 491 vero
1251 445 1324 491 illa
1352 443 1550 506 professla
1578 446 1644 505 sit,
1673 447 1772 509 post
1798 450 1889 496 haec
1917 452 2024 498 adeo
2048 452 2263 500 luculenta

54 510 310 572 specimina,
345 508 487 557 nescio
507 528 560 557 an
583 514 815 571 quisquam
838 510 1037 557 dubitare
1055 509 1196 572 poffit,
1231 513 1309 569 qui
1330 514 1461 571 norit,
1498 527 1546 559 ut
1567 529 1687 559 antea
1713 513 1879 562 distum
1899 515 1970 572 est,
2004 520 2263 579 primariam

51 578 313 639 Scytharum
335 575 480 623 sedem
501 574 624 624 fuisse
647 573 963 624 Chersonesum
982 579 1235 632 Tauricam,
1254 576 1306 621 ab
1328 579 1501 624 Euxino
1521 595 1661 640 ponto
1680 577 1771 627 fere
1789 581 2104 641 circumfluam,
2130 586 2264 633 illius-

52 660 139 703 que
166 643 374 691 ulteriora
400 644 545 690 littora
574 643 738 691 Pet-fico
766 644 957 703 imperio
975 641 1218 687 admodum
1246 643 1387 687 'vicina
1408 641 1503 694 effe.
1565 645 1792 694 Probabile
1812 650 1956 708 itaque
1978 648 2058 708 est,
2086 651 2263 700 Gothos

51 726 106 756 eo
129 712 391 757 commercia
410 709 481 756 sua
500 708 739 768 extendiss'e,
774 709 816 756 ὅ(
836 724 934 755 cum
957 706 1200 769 peregrinis
1222 707 1458 765 mercibus,
1494 725 1651 770 praeter
1672 713 1807 760 multa
1827 716 1931 772 alia,
1957 715 2040 763 hos
2060 734 2265 766 numeros

51 777 242 823 maiores
278 775 482 825 retulisse.
778 807 789 815 2

257 846 367 907 Qiae
393 844 445 889 de
472 843 641 902 origine
666 838 890 886 Persarum
911 839 1109 903 Scythica
1136 838 1189 886 ab
1218 838 1472 887 auEloribus
1492 842 1742 899 traduntur,
1771 861 1852 904 ego
1874 862 2035 906 magno
2056 849 2101 893 in
2120 847 2273 905 discri-‚

50 910 170 955 mine
195 926 285 955 non
305 925 496 970 ponam}
532 907 602 953 sed
629 907 783 966 linquo
812 906 1011 953 lubenter
1035 923 1100 951 res
1128 908 1255 952 tantis
1275 905 1482 953 obvoluta
1501 908 1706 966 tenebris,
1729 909 1805 956 ubi
1825 912 1981 957 certior
2000 913 2071 961 lux
2090 915 2263 962 aliunde

48 971 243 1037 affulget.
312 976 394 1036 Sed
415 975 466 1020 de
486 975 554 1020 his
575 973 688 1018 latis.
761 1002 764 1004 -

254 1039 574 1101 ExspeRaveris
605 1035 809 1093 fortaffis,
846 1037 1053 1084 benevole
1084 1035 1241 1094 letior,
1271 1053 1340 1095 ut,
1367 1053 1598 1099 antequam
1631 1041 1682 1086 de
1710 1041 1853 1089 tabula
1889 1061 2069 1092 manum
2100 1047 2263 1106 tollam,

51 1122 189 1154 cetera
208 1106 416 1154 Knita‘elii
435 1105 782 1166 philologemata
801 1105 1003 1159 Gothica,
1028 1121 1124 1163 quae
1143 1106 1292 1165 primo
1313 1107 1475 1152 intuitu
1493 1108 1745 1165 quemlibet,
1766 1125 1855 1154 non
1877 1111 2263 1174 imperitiffimum,

51 1170 295 1229 offendunt,
315 1171 615 1234 perstringam,
640 1173 705 1217 uti
723 1170 831 1216 dum
855 1172 897 1216 in
918 1167 1174 1231 praefatione
1195 1171 1449 1231 dignitatem
1473 1170 1691 1219 forensem
1709 1173 1931 1243 Schc‘jpfhn
1950 1179 2070 1238 apud
2083 1180 2262 1226 Germa.

50 1255 132 1285 nos
150 1236 449 1301 frequentem,
478 1256 502 1284 a
520 1237 715 1284 Gothico
727 1235 911 1299 skufta,
943 1237 1140 1296 capillus,
1174 1236 1349 1294 derivat,
1380 1240 1480 1296 quia
1499 1236 1669 1295 scilicet,
1699 1243 1777 1300 qui
1796 1243 1915 1302 apud
1935 1244 2110 1290 Gothos
2132 1249 2264 1292 Fran-

52 1321 215 1364 cosque
234 1304 517 1366 generofioris
537 1304 621 1350 loci
641 1318 780 1357 erant,
810 1321 833 1348 a
855 1300 1064 1364 promissa
1088 1300 1253 1347 caesarie
1272 1306 1502 1366 capillari,
1532 1310 1686 1352 criniti
1705 1308 2087 1367 nuncupabantur,
2120 1329 2263 1370 quum

49 1386 194 1417 tamen
222 1373 390 1417 veriora
418 1388 441 1416 a
461 1372 670 1418 Loccenio
699 1368 845 1414 nostro
869 1370 908 1414 8<
932 1369 1059 1413 etiam
1090 1366 1337 1417 Wnclzfero
1367 1370 1520 1414 tradita
1541 1371 1684 1416 videre
1704 1372 1923 1431 potuisset,
1992 1377 2127 1438 Qiod
2150 1376 2263 1425 insu-

35 1441 130 1498 ‘per
157 1436 406 1483 existimall'e
435 1451 561 1496 putat
582 1436 827 1500 Isidorum,
856 1436 998 1479 Dacos
1018 1451 1041 1479 a
1060 1433 1287 1494 daddjmz‘,
1313 1432 1487 1491 laetare,
1516 1452 1677 1481 nomen
1698 1437 1924 1498 accepisse,
1954 1444 2156 1501 variaque
2181 1444 2264 1490 alia

44 1503 190 1550 adhue
209 1505 386 1563 peioraz
416 1499 488 1548 sed
508 1518 648 1561 quum
665 1499 831 1561 prolixa
852 1516 1007 1546 eorum
1026 1495 1288 1545 refutatione
1307 1500 1367 1545 nil
1383 1499 1457 1545 nifi
1475 1501 1652 1548 taedium
1679 1503 1792 1549 mihi
1809 1505 1993 1565 aliisque
2014 1510 2145 1553 creari
2165 1506 2265 1570 pos-

14 1583 18 1586 *
46 1568 113 1624 fit,
142 1570 247 1616 nolo
269 1569 404 1615 bonas
423 1568 552 1615 horas
572 1568 763 1628 amplius
785 1565 1051 1627 disperdere.
1121 1567 1297 1612 Faciam
1317 1583 1419 1612 vero
1441 1566 1558 1612 hisce
1585 1569 1786 1627 modum,
1816 1568 1846 1615 si
1865 1572 2003 1618 modo
2025 1572 2139 1620 bona
2158 1592 2262 1622 cum

45 1633 225 1682 lelstoris
263 1637 388 1681 venia
429 1632 524 1690 fiat,
557 1650 606 1680 ut
647 1632 1026 1694 quemadmodum
1067 1632 1145 1678 uni
1188 1632 1361 1678 alterive
1399 1631 1680 1681 dissertationi
1699 1673 1709 1691 ,
1762 1637 1816 1682 ad
1858 1637 1980 1683 crisin
2021 1640 2262 1689 Gothicam

46 1697 281 1762 spefflanti,
315 1700 518 1747 nonnihil
548 1701 600 1745 de
630 1699 874 1760 originibus
895 1702 939 1745 L.
966 1701 1128 1744 Latinae
1146 1698 1189 1744 ὅ(
1208 1700 1390 1756 Graecae,
1419 1700 1537 1760 apud
1555 1702 1765 1763 Scythicae
1789 1701 2006 1764 prosapiae
2024 1721 2169 1766 gentes
2198 1708 2263 1752 in⁰

46 1768 269 1813 veniendis
290 1766 475 1823 disserui,
501 1781 631 1826 atque
650 1768 779 1816 etiam
802 1767 844 1814 in
867 1765 946 1810 hac
967 1763 1219 1811 traRatione
1246 1765 1425 1810 eandem
1448 1766 1567 1811 illam
1598 1767 1807 1813 chordam
1827 1768 2057 1829 aliquoties
2081 1788 2263 1833 praeten-

46 1835 158 1890 tavi,
187 1832 393 1879 mantiffae
424 1833 522 1879 loco
551 1833 738 1893 paucula
765 1834 809 1876 in
839 1832 1017 1877 eandem
1047 1829 1297 1877 sententiam
1319 1832 1416 1877 heic
1435 1829 1707 1879 subnectam:
1745 1832 1937 1881 &finem
1955 1833 2112 1884 faciam
2132 1838 2263 1889 altera

44 1898 410 1946 dissertatiuncula
438 1899 491 1944 de
518 1898 660 1945 verbis
688 1896 1074 1961 Moesogothorum
1090 1907 1101 1954 3
1129 1915 1262 1958 quam
1294 1899 1338 1943 in
1369 1895 1671 1960 superioribus
1690 1900 1894 1961 promisi,
1929 1920 2149 1963 quamque
2170 1922 2261 1952 non

47 1967 261 2027 ingratam
287 1963 384 2011 fore
411 1965 576 2011 horum
599 1964 844 2011 studiorum
872 1964 1165 2025 amatoribus,
1194 1963 1383 2019 confido,
1411 1981 1550 2024 quum
1570 1965 1615 2012 id
1637 1964 1839 2024 illustret,
1873 1969 1995 2030 quod
2022 1970 2261 2020 dimidium

30 2029 140 2079 sere
161 2030 380 2078 constituit
397 2032 532 2077 totius
553 2031 725 2092 linguae,
755 2031 797 2076 ἃ
818 2046 987 2092 partem
1011 2030 1132 2077 illius
1158 2028 1479 2082 difficillimam.

101 2259 103 2261 -
774 2227 822 2278 D
855 2229 876 2277 I
908 2228 939 2277 S
972 2228 1003 2277 S
1037 2229 1079 2279 E
1113 2229 1159 2279 R
1191 2229 1242 2278 T
1276 2229 1324 2277 A
1354 2229 1404 2279 T
1439 2230 1461 2277 I
1492 2228 1548 2279 O

142 2310 658 2405 de-Originibus
697 2310 770 2380 L.
806 2311 1050 2383 Latinae
1079 2313 1145 2380 δε
1191 2310 1462 2398 Graecae,
1508 2313 1678 2383 inter
1719 2306 2201 2404 Moesogothos‘

592 2430 595 2431 ’
967 2416 1338 2497 reperiundi&

1071 2534 1110 2590 ᾗ.
1177 2533 1216 2581 1.

49 2599 299 2715 Etiamsi(
312 2619 356 2664 in
376 2614 710 2680 praefationibus
734 2633 824 2667 tam
849 2616 1054 2684 Utplzitoe
1072 2618 1313 2685 illzfirato,
1341 2634 1476 2677 quam
1500 2615 1827 2682 Speciminibus
1849 2614 2072 2681 Glcffltrii
2097 2616 2264 2685 Ulplzi-

184 2687 279 2734 lani
306 2683 554 2746 praemiffis,
589 2685 801 2731 nonnulla
827 2685 1096 2732 disseruerim
1123 2687 1176 2732 de
1203 2686 1500 2732 convenientia
1529 2688 1578 2731 L.
1599 2688 1761 2731 Latinae
1789 2684 1831 2730 ὅ(
1847 2701 1993 2745 graecae
2010 2700 2111 2730 cum
2131 2689 2264 2733 veteri

51 2753 265 2809 Gothica,
294 2753 489 2811 adeoque
515 2748 735 2797 subvereri
765 2750 944 2799 debeam
959 2788 970 2808 ,
998 2769 1051 2798 ne
1069 2752 1187 2798 hisce
1203 2753 1312 2798 meis
1331 2751 1459 2796 toties
1478 2752 1673 2812 repetitis
1695 2752 1820 2810 nugis
1856 2746 2078 2796 fastidium
2109 2749 2265 2799 leaori

53 2822 246 2881 pariam,
279 2818 570 2863 nihilominus
593 2831 752 2873 tamen,
787 2834 925 2876 quum
946 2818 1085 2865 haecce
1112 2819 1290 2865 materia
1309 2816 1404 2862 talis
1424 2815 1486 2876 fit,
1520 2833 1568 2863 ut
1588 2815 1890 2876 exemplorum
1915 2814 2169 2863 induetione
2188 2816 2265 2866 stet

54 2885 252 2942 cadatve,
286 2885 329 2932 ὃ(
348 2883 429 2933 hac
450 2899 536 2931 una
554 2884 721 2930 ratione
739 2884 793 2930 iis
813 2882 989 2933 obviam
1015 2885 1071 2932 iri
1089 2883 1232 2947 poffit,
1267 2885 1359 2945 qui,
1394 2883 1604 2944 quicquid
1620 2881 1753 2930 huius
1774 2878 1920 2941 fuerit,
1956 2880 2156 2931 calui-aut
2177 2900 2264 2930 cre-

1154 2952 1184 2999 S
1290 3017 1295 3022 κ
2155 2949 2265 2996 duli-
