2473 3380
947 98 1413 155 LUCAE.X.
2222 107 2289 160 69

136 211 394 281 seinamma
411 213 458 262 in
480 208 549 261 all
564 209 736 280 baurge
743 209 834 277 jah
836 214 972 280 stade
993 212 1148 265 thadei

151 280 367 333 munaida
394 281 441 339 r)
471 283 512 327 is
537 295 745 346 gaggan.

83 360 140 398 2.>
167 347 302 407 quath
331 347 496 393 uhthan
525 348 585 394 αἰι
614 353 674 395 im
696 347 743 411 s)
778 345 909 411 asans
931 346 972 410 t)
1000 363 1143 394 mana-

147 430 212 474 ga.
247 413 312 459 ith
332 410 615 474 waurstwjans
635 410 775 462 fawai,
810 413 968 476 bidjith
989 431 1050 461 nu
1068 410 1143 460 fan

147 477 308 526 asanais
345 483 386 527 ei
422 476 602 543 uffatjai
636 481 951 547 zvamstmjan
991 485 1037 528 in
1068 477 1143 530 tlzo

154 542 420 608 afimstina.
450 543 502 608 υ)-

78 626 129 676 4.
165 614 210 658 ni
240 612 426 658 bairaith
443 627 590 678 pugg.
611 615 671 674 x)
706 613 784 659 nih
808 614 1029 674 matibalg.
1067 612 1146 658 nih

143 673 336 794 gastelplze
363 679 415 746 y)
459 678 798 729 nimannaalzun
840 680 886 729 bi
926 683 1020 746 wig
1044 678 1145 744 gol-

175 759 243 794 αΖί
279 781 290 795 .
328 763 354 794 z

84 828 124 876 5.
151 765 206 859 lin
227 751 479 875 thane)ga1·d
499 816 539 860 ei
557 807 866 878 inngaggaith
885 814 931 870 a)
950 807 1147 875 frumist

146 877 374 945 qaitlzaitlz
399 877 648 947 gawaz'rtlzz
673 878 880 925 thammo
900 877 1089 942 garda:

78 949 126 995 6.
157 945 244 1009 jah
261 946 395 1008 jabai
404 949 517 1012 fijai
534 946 701 1007 jainar
713 941 862 1006 fimus
886 941 1143 1009 gawairtlz-

137 1015 201 1077 jis
225 1012 272 1072 b)
294 1012 560 1074 gaqheilaith
578 1009 640 1058 fik
658 1027 737 1056 ana
759 1012 895 1058 imma
915 1010 1142 1072 gawairthi
1174 1026 1177 1028 ⁴

80 1154 126 1202 8.
146 1096 358 1206 lxxi-aith
378 1143 494 1192 thata
509 1116 805 1210 faurlagido.
827 1140 872 1206 c)

78 1226 156 1263 11.
191 1209 537 1279 thiudangarcli.
553 1210 607 1273 d)
634 1211 703 1261 St.
726 1209 1074 1274 thiudangardja.

1290 229 1392 260 nem
1427 209 1585 260 urbem
1620 210 1664 259 ἃ
1688 209 1866 270 locum,
1902 228 1994 274 quo
2023 209 2115 276 ipse
2144 211 2287 259 iturus

1291 296 1394 331 erat.

1222 361 1270 396 2.
1304 348 1425 393 Dixit
1449 360 1594 392 autem
1614 344 1719 393 illis:
1756 344 1895 392 rneffis
1927 344 2063 394 multa
2092 344 2162 390 sed
2183 361 2287 405 ope·

1286 415 1388 460 rarii
1413 414 1555 475 pauci,
1575 428 1722 473 rogate
1740 429 1845 474 ergo
1865 413 2113 458 Dominum
2133 409 2286 470 meffis,

1287 496 1336 526 ut
1354 480 1535 527 collocet
1554 481 1780 541 operarios
1807 480 1861 526 ad
1884 476 2061 525 meffem
2083 474 2220 526 suam.

1222 626 1273 672 4.
1309 613 1382 657 Ne
1405 627 1574 672 portate
1595 628 1872 670 crumenam,
1903 630 1979 659 nec
2000 616 2175 673 peram,
2206 629 2284 657 ne-

1294 694 1375 737 que
1401 677 1562 741 calceos
1578 714 1589 735 ,
1624 696 1728 726 neve
1753 680 1896 727 ullum
1919 681 1963 725 in
1982 681 2049 726 via
2069 676 2258 725 salutate.

1227 825 1271 870 5.
1319 813 1367 856 In
1410 826 1716 871 quamcunque
1744 812 1931 858 domum
1973 813 2163 868 intratis,
2196 811 2287 873 pri»

1287 893 1414 922 mum
1451 876 1599 921 dicite:
1635 895 1718 937 pax
1745 878 1851 924 huic
1881 878 2052 927 domui.

1224 949 1271 991 6.
1308 945 1363 988 Et
1395 941 1425 989 fi
1456 939 1590 987 fuerit
1621 942 1683 988 ibi
1719 942 1835 989 filius
1872 945 2015 1007 pacis,
2050 941 2288 1006 requiescet

1289 1007 1416 1072 supet
1444 1008 1572 1056 illum
1597 1026 1680 1071 pax
1701 1008 1850 1064 vestra,

1224 1151 1271 1199 8.
1307 1142 1434 1188 Edite
1470 1140 1741 1205 appositum.

1226 1226 1298 1258 11.
1333 1212 1553 1270 Regnum·

1275 1278 1359 1337 13
2206 1280 2287 1341 13ss

127 1389 166 1440 r)
195 1386 337 1427 Codice
365 1397 555 1439 praeeunte
582 1385 750 1433 versum,
779 1389 846 1438 qui
873 1387 981 1426 editis
1007 1387 1126 1435 deest,
1154 1386 1427 1438 supplevimus,
1481 1391 1541 1428 De
1565 1403 1697 1428 munau
1724 1393 1846 1430 notari
1871 1404 2058 1439 meretur,
2085 1392 2190 1444 quod
2210 1394 2286 1431 Go-

182 1439 257 1479 this
275 1442 418 1479 ratione
443 1440 585 1491 duplici
608 1438 825 1490 usurpetur,
851 1441 1059 1478 nimirum:
1093 1442 1149 1483 1.)
1177 1453 1250 1491 qua
1276 1440 1380 1480 idem
1406 1439 1512 1480 sonat
1537 1455 1580 1481 ac
1604 1442 1778 1484 nostrum
1805 1458 1922 1484 meua*
1961 1447 2070 1498 Angl
2099 1456 2137 1483 t0
2156 1459 2284 1491 mean,

181 1492 288 1545 Belg.
318 1505 466 1540 meenen,
494 1505 656 1540 meynen,
686 1502 836 1544 putare,
867 1493 1051 1544 cogitare,
1084 1496 1173 1532 Luc.
1196 1505 1227 1540 3,
1247 1505 1306 1540 23.
1341 1505 1399 1540 17,
1421 1506 1458 1546 9.
1496 1494 1589 1546 Joh.
1623 1506 1680 1544 13,
1710 1508 1768 1548 ²9>
1798 1498 1903 1538 unde
1921 1512 2124 1551 gamunan,
2160 1500 2286 1541 ASax.

177 1558 354 1599 gemunan
371 1547 462 1584 Luc.
488 1557 519 1592 1,
540 1556 605 1590 72.
635 1546 690 1585 Isl.
720 1558 848 1593 muna,
877 1545 1008 1585 Sueth.
1028 1547 1187 1593 minuas,
1211 1546 1416 1595 recordari,
1444 1547 1654 1595 reminisci,
1693 1560 1730 1589 et
1747 1558 1882 1597 minue,
1910 1552 2034 1592 ASax.
2050 1551 2175 1599 mund,
2202 1565 2282 1591 me-

176 1599 319 1646 moria,
347 1608 415 1638 etc.
433 1613 467 1638 v.
487 1597 632 1637 Wacht.
651 1599 679 1640 1.
701 1611 734 1638 c.
757 1613 807 1650 Vp.
833 1599 932 1647 1064
1004 1601 1062 1648 2.)
1082 1612 1156 1651 qua
1177 1598 1448 1640 consuetudine
1467 1615 1605 1653 graeca,
1636 1601 1738 1642 haud
1755 1602 1857 1643 secus
1876 1617 1917 1643 ac
1928 1603 2017 1656 skal
2033 1616 2069 1644 et
2086 1603 2218 1651 haban,
2244 1606 2286 1644 in

179 1652 457 1692 consti-ustione
475 1664 567 1690 cum
587 1651 665 1691 aliis
684 1651 805 1692 verbis
823 1652 943 1691 futuri
963 1654 1144 1705 temporis
1161 1653 1409 1693 adiacentiam
1429 1655 1589 1703 indicat,
1625 1666 1670 1697 ut
1687 1655 1723 1696 h.
1744 1657 1769 1694 l.
1790 1670 1898 1695 numa
1910 1671 2052 1711 gaggan
2069 1672 2138 1710 pro
2153 1671 2286 1711 gagga,

176 1699 286 1754 με’»ᾉω
305 1700 454 1755 ε”ςχεθαι
470 1718 539 1758 pro
560 1700 771 1753 e’M'vaopuut
795 1718 901 1743 muna
913 1704 1141 1758 gabairtlgjam
1159 1720 1227 1759 pro
1249 1706 1476 1760 gabairtlgja,
1503 1704 1609 1755 μέλλω
1638 1706 1840 1758 ἐμφανίζειν
1863 1724 1932 1763 pro
1961 1709 2164 1758 ἐμφανίσω,
2191 1702 2281 1763 Joh.

179 1771 242 1807 14,
263 1770 323 1799 22.
350 1759 386 1805 6,
408 1768 468 1804 ις.
501 1755 601 1799 Luc.
617 1769 676 1810 19,
697 1772 720 1803 4
754 1757 808 1797 cfr
841 1758 984 1801 Hickes,
1038 1760 1059 1797 lv
1082 1772 1113 1800 c.
1133 1774 1172 1812 p.
1195 1772 1258 1809 47,
1279 1771 1316 1800 et
1337 1769 1396 1809 87.
1415 1761 1484 1801 ubi
1499 1761 1544 1801 de
1564 1775 1669 1801 mmm
1685 1762 1925 1804 Jslandorum
1945 1764 2078 1817 eadem
2101 1763 2284 1810 observat,

171 1810 373 1864 Etfragm.
392 1809 509 1872 ulphil.
527 1811 569 1850 in
592 1811 774 1864 exemplis
799 1811 970 1852 secundae
988 1813 1147 1864 conjug.

117 1863 157 1915 s>
184 1867 223 1917 J.
250 1875 287 1904 et
309 1866 363 1905 St.
384 1863 431 1902 du
452 1877 577 1903 imma:
607 1865 813 1917 alloquitur
838 1876 967 1905 autem
985 1865 1091 1919 Jesus
1112 1865 1218 1907 LXX
1245 1867 1468 1921 discipulos,
1497 1882 1612 1921 quare
1630 1869 1748 1923 probe
1768 1871 1902 1911 Codex
1919 1869 2029 1913 Mffl.
2046 1883 2082 1913 et
2098 1873 2140 1913 B.
2159 1871 2205 1910 du
2220 1873 2281 1913 im.

120 1939 156 1989 t)
184 1938 304 1978 Iidem
312 1937 357 1991 sa
374 1937 442 1990 afiz,
469 1949 665 1990 perperam
673 1952 686 1985 3
713 1936 805 1978 nam
821 1937 921 1990 asans
940 1937 991 1978 est
1010 1937 1111 1978 casus
1129 1939 1261 1988 reclus,
1291 1940 1518 1992 generisque
1534 1940 1728 1983 feminini,
1756 1942 1895 1986 Matth,
1910 1955 1945 1995 9,
1961 1956 2016 1994 37.
2040 1944 2159 1984 Marc.
2171 1957 2207 1992 4,
2220 1955 2282 1997 29.

60 2040 66 2043 -
122 2015 166 2057 v)
194 2012 235 2049 B.
261 2012 290 2049 ei
315 2006 487 2062 uffimdjai
514 2008 762 2061 waurstwjans
786 2011 823 2047 in
846 2009 929 2062 afim
939 2009 1057 2062 seina,
1081 2009 1229 2063 prorsus
1255 2011 1380 2060 idem,
1409 2012 1516 2064 quod
1539 2012 1625 2052 loco
1654 2013 1848 2063 parallelo,
1881 2014 2013 2054 matth.
2035 2027 2071 2067 9,
2096 2024 2152 2063 38.
2181 2017 2279 2056 Heic

169 2076 258 2103 vero
282 2076 351 2115 pro
377 2061 548 2114 ussandjai
566 2064 788 2115 reponimus
805 2061 961 2115 uſjatjai‚
992 2065 1096 2116 quod
1117 2064 1213 2103 refer
1234 2064 1426 2117 adfittjan.
1449 2066 1634 2112 Ulterius,
1666 2067 1707 2104 in
1725 2066 1869 2107 Codice
1896 2068 2063 2120 legimus
2090 2069 2279 2121 waurstw—

157 2115 283 2167 jands,
309 2129 431 2154 errore
451 2115 725 2164 Amanuenffi,
746 2117 986 2156 Nominativ.
1008 2119 1113 2156 enim
1133 2117 1185 2157 est
1210 2116 1419 2170 waursz‘zzgja
1447 2133 1470 2158 v
1514 2118 1610 2158 infra
1636 2132 1670 2158 v.
1697 2133 1730 2168 7.
1761 2133 1781 2158 a
1807 2122 2002 2172 wamstw.
2031 2122 2278 2175 opussquod

167 2166 219 2207 est
237 2181 257 2205 a
274 2168 491 2213 wanrkian,
519 2169 677 2218 operari.
731 2169 910 2219 Denique
935 2171 1137 2208 reficimus·
1156 2174 1192 2208 in
1219 2168 1300 2221 asan
1316 2170 1530 2221 seinamma,
1569 2182 1613 2210 ut
1640 2172 1776 2223 legunt
1790 2176 1824 2225 JV
1848 2184 1885 2212 et
1902 2176 1979 2217 ST,
2004 2186 2120 2227 atque
2133 2177 2177 2215 in
2194 2177 2276 2216 eius

168 2221 301 2259 locum
320 2218 581 2258 substituimus
606 2217 732 2259 casum
751 2230 932 2272 quartum
951 2234 1042 2260 curn
1061 2224 1229 2261 articulo.
2260 2268 2265 2272 ,

117 2274 166 2324 x)
189 2273 293 2312 Editi
304 2272 455 2326 gairda,
481 2273 586 2324 quod
602 2275 752 2325 proprie
771 2279 878 2312 notat
892 2287 1030 2320 zonam,
1057 2275 1192 2317 Sueth.
1205 2273 1337 2326 gardei,
1365 2275 1488 2316 Marc.
1511 2286 1543 2322 1,
1564 2274 1602 2316 6.
1629 2274 1867 2315 reddidimus
1884 2286 2014 2316 autem
2029 2291 2165 2318 vocem
2183 2279 2273 2321 huic

164 2328 250 2366 loco
260 2327 384 2377 magis
398 2338 611 2377 congruam
621 2340 736 2379 pugg.
753 2328 876 2368 ASax.
891 2337 927 2365 et
943 2327 1060 2366 Sueth
1087 2341 1200 2381 png,
1229 2340 1351 2379 graeco
1361 2328 1472 2370 Bai-b.
1496 2323 1638 2375 wwm‘n‘,
1666 2327 1842 2375 πεγγίον,
1875 2333 2022 2379 vium,
2049 2329 2138 2372 Gall
2148 2334 2271 2385 poche,
2326 2370 2334 2375 ,

161 2378 349 2426 sacculus,
378 2392 557 2418 crumena
592 2393 628 2419 v.
650 2378 803 2430 Meurfii
822 2378 965 2419 Gloffar
992 2395 1016 2433 p
1050 2394 1092 2420 m
1124 2395 1211 2430 440.
1239 2382 1344 2433 Qun
1363 2384 1478 2420 ctiam
1489 2394 1569 2432 pan
1595 2386 1648 2428 ia,
1679 2383 1845 2420 notanda
1867 2393 1877 2417 ι·
1896 2396 2021 2422 ontano
2040 2386 2142 2437 apud
2160 2386 2276 2426 Mau-

163 2435 286 2471 ritium
301 2434 345 2471 in
362 2432 546 2481 Tafficis,
576 2432 681 2471 tlzecae
697 2430 904 2485 uhifizgittae
919 2434 1136 2482 conahatur,
1164 2435 1205 2473 in
1222 2436 1478 2475 Diclionariol.
1502 2393 1648 2472 ite-{nia
1672 2435 1826 2474 Celtico,
1849 2435 2052 2476 Miscellan.
2070 2453 2111 2491 p.
2128 2451 2216 2486 137.

98 2485 151 2535 y)
176 2485 279 2524 Editi
286 2483 422 2537 skohe.
452 2488 670 2538 Utrumque
689 2486 731 2524 in
751 2483 832 2525 usu.
888 2489 959 2525 Pro
979 2486 1153 2540 gaskohe,
1183 2488 1298 2539 genit.
1320 2489 1440 2540 plural
1467 2490 1585 2528 Marc.
1604 2498 1638 2534 1,
1660 2499 1693 2533 7.
1715 2489 1870 2527 malem
1889 2491 2100 2531 Accusativ.
2111 2492 2270 2546 gaskoh,

159 2540 253 2578 Luc.
277 2550 335 2581 ις,
360 2553 419 2577 22.
438 2540 545 2578 cuius
563 2540 604 2577 in
622 2540 870 2590 explicatione
890 2541 1015 2579 otium
1039 2540 1138 2580 mihi
1166 2541 1340 2580 fecerunt
1368 2541 1552 2581 Waclzter.
1580 2541 1620 2579 in
1640 2540 1742 2593 gloff
1767 2556 1876 2594 germ
1907 2554 1944 2582 et
1970 2543 2097 2583 clariss.
2119 2547 2266 2585 Ramze-

157 2590 223 2631 ltus
239 2593 279 2630 in
296 2589 482 2634 Differ-tat.
506 2592 552 2631 de
570 2590 651 2632 Usu
672 2590 816 2644 Lingu.
835 2594 935 2632 Sueo
954 2593 1056 2633 Goth
1090 2595 1132 2633 in
1150 2593 1366 2634 illustranda
1385 2596 1490 2647 antiq
1527 2594 1658 2633 Gentis
1674 2594 1805 2635 nostrae
1822 2595 2078 2649 simplicitate,
2116 2611 2155 2651 p.
2176 2607 2212 2643 8.

31 2691 33 2695 ¹
102 2645 141 2696 z)
169 2646 230 2685 Sic
248 2646 389 2684 iterum
408 2645 544 2684 Codici
562 2650 760 2696 Argenteo
780 2645 1038 2696 reddidimus,
1067 2661 1149 2700 quae
1180 2646 1435 2688 desiderantur
1457 2650 1499 2688 in
1521 2647 1639 2688 editis.

102 2716 142 2766 a)
167 2715 273 2755 Editi
300 2716 480 2777 ingaggitfn
499 2744 509 2764 ,
547 2717 643 2769 quin
665 2726 703 2755 et
721 2718 772 2756 St.
805 2729 899 2756 mox
927 2718 1023 2759 infra
1050 2734 1083 2760 v.
1114 2734 1168 2761 ιο,
1197 2720 1423 2776 ingaggaitlz,
1457 2734 1527 2776 pro
1556 2719 1805 2775 inngaggaz'tlz,
1845 2723 1951 2775 quod
1979 2723 2128 2769 Gothus
2152 2725 2267 2769 habet

153 2769 370 2821 utrobique.

101 2821 144 2871 h)
166 2824 361 2862 Lacunam
379 2823 571 2863 editorum
598 2822 854 2875 supplevimus

100 2877 136 2924 c)
163 2878 200 2929 J.
220 2886 258 2915 et
274 2877 327 2916 St.
339 2875 584 2930 fimralagido.
628 2890 664 2920 v.
689 2876 738 2918 ad
756 2876 875 2920 Marc,
898 2892 933 2929 2,
949 2879 1013 2923 26.

100 2927 146 2979 d)
172 2942 210 2975 v,
237 2928 286 2972 ad
311 2929 450 2974 Matth.
469 2932 506 2982 6,
529 2941 590 2980 13.

444 2772 458 2806 ἰ’
468 2769 556 2808 Itane
573 2769 646 2809 hoc
663 2770 866 2821 irregulare
882 2770 934 2811 est
948 2786 1017 2825 pro
1033 2773 1153 2816 tleana.
