2473 3380
169 170 264 223 142
401 147 706 206 DISSE‘RS.
740 152 847 204 DE
882 148 1301 204 ORIGINIBUS
1335 149 1393 198 L.
1429 149 1713 202 LATINAE
1749 150 1857 201 ET
1877 150 2161 209 GRAECAE,

168 287 272 319 cum
293 269 448 315 Graeco
469 271 641 323 κλέπτειν,
667 265 783 312 unde
800 269 971 321 κλέπτης,
997 259 1091 317 fur,
1127 261 1203 320 qui
1225 262 1269 305 in
1288 259 1437 306 codice
1458 277 1663 324 argenteo
1687 260 1851 326 hliftus
1868 265 2131 327 appellatur,
2168 277 2263 322 quae
2283 260 2373 309 duo

169 338 247 397 qui
276 353 323 381 ex
349 333 511 396 eodem·
533 328 677 391 stipite
704 345 915 393 prognata
943 345 1032 373 non
1059 327 1194 382 videt,
1228 325 1339 371 nihil
1365 327 1493 374 videt.
1561 331 1712 375 Latine
1740 330 1855 377 idem
1875 332 1996 394 apud
2014 331 2232 381 Plautum
2253 329 2376 393 clepo

166 402 427 466 appellatur,
456 416 480 446 a
500 399 677 462 clepere,
712 398 831 458 quod
852 394 1002 440 itidem
1025 389 1162 442 furari
1183 406 1318 442 notat.
1884 418 1887 420 »

1211 507 1245 564 §.
1299 518 1339 564 ς.

369 599 529 654 Unius,
548 610 778 656 antequam
800 591 932 641 finem
958 590 1136 650 faciam,
1165 593 1307 640 adhuc
1327 594 1496 639 veniam
1520 594 1628 639 mihi
1661 592 1854 655 paciscor
1877 595 2134 643 illustrandae
2160 597 2279 642 vocis
2301 594 2377 641 Ul-

167 670 375 734 philanae.
452 664 617 714 Teihan
637 663 678 709 ὃ(
694 660 927 728 gateiham,
954 679 1042 707 non
1064 678 1161 707 raro
1182 663 1226 706 in
1251 660 1398 720 codice
1421 676 1623 721 argenteo
1647 663 1922 718 invenienda,
1944 663 2154 719 indicare,
2183 664 2378 708 nuntiare

167 749 332 782 notant.
353 734 490 778 Marc.
508 746 548 791 5,
567 747 583 778 ι
594 746 642 789 9.
682 728 854 778 Gateilz
875 733 934 777 im
965 727 1094 775 lutam
1106 729 1192 795 filu
1211 726 1316 775 thus
1337 728 1430 774 Fan
1448 729 1704 792 gatawicla,
1740 731 1946 774 annuntia
1974 729 2084 786 illis,
2122 744 2276 788 quanta
2297 727 2377 773 tibi

164 805 287 849 Deus
312 796 475 845 fecerit.
534 801 582 843 In
611 797 770 858 primis
802 794 1034 856 usurpatur
1062 795 1112 840 de
1132 795 1458 840 annuntiatione
1481 791 1759 852 futurorum,
1783 797 1846 839 uti
1867 795 1969 858 Joh.
1989 812 2004 842 1
2022 811 2060 855 ς,
2077 810 2152 854 13.
2230 792 2378 843 Thata

167 861 459 916 anamuirtlzo
489 862 683 931 gateihlt
711 867 858 919 izWIs,
903 861 1022 921 qnod
1061 876 1291 907 venturum
1332 858 1412 917 est,
1457 860 1726 906 annuntiabit
1761 860 1897 911 vobis,
1937 858 2056 909 conf.
2087 859 2229 907 versus
2258 858 2380 919 sequ.

170 938 277 981 Luc.
301 949 345 989 2,
366 938 443 981 26.
492 932 611 982 Was
638 935 776 978 imma
801 926 1028 996 gatatlzan
1052 927 1187 992 fram
1221 925 1374 975 ahmin
1404 925 1603 975 tlzamma
1626 925 1808 983 weilzin,
1834 925 2093 989 responsum
2114 942 2335 988 acceperat
2355 943 2381 972 a

169 1003 336 1064 SPiritU
363 1001 403 1044 S·
443 999 477 1047 »ir
505 999 603 1046 αιῖἱτῧ
623 1000 959 1056 κεχξημσιτισμὲνον.
1900 1024 1904 1027 Δ

374 1061 684 1123 Compofitum
705 1062 805 1106 inde
825 1061 1036 1107 habemus
1052 1059 1329 1127 garaihtoza
1346 1057 1607 1126 gataihans,
1625 1058 1782 1123 justior
1801 1062 2083 1118 renuntiatus,
2108 1060 2246 1121 magis
2261 1057 2381 1122 justi-

170 1131 337 1188 ficatuS,
370 1147 448 1176 nec
468 1145 557 1173 non
570 1124 953 1191 fauragateihan‚
971 1129 1212 1188 prcedicere.
1237 1131 1374 1173 Marc.
1395 1142 1467 1188 13,
1482 1142 1561 1189 23.
1608 1125 1917 1193 Fauragateilz
1940 1133 2062 1175 izwis
2079 1128 2247 1180 allata,
2268 1142 2382 1186 prae-

133 1198 146 1205 ’
175 1201 266 1247 dixi
297 1197 423 1243 vobis
451 1194 616 1240 omnia.
684 1194 786 1237 'Vir
812 1193 856 1237 in
883 1192 969 1238 hoc
996 1193 1239 1239 studiorum
1270 1210 1424 1254 genere
1450 1190 1576 1238 facile
1606 1196 1832 1254 princeps,
1863 1195 1941 1241 Fr.
1965 1192 2158 1258 Junius,
2197 1193 2304 1238 dum
2338 1194 2383 1238 in

176 1261 409 1326 Gloffizrio
435 1260 625 1309 Gothico
643 1259 748 1315 haee,
788 1275 884 1319 quae
906 1259 1077 1316 adduxi,
1111 1255 1242 1305 refert
1260 1259 1312 1304 ad
1332 1275 1484 1304 vocem
1499 1258 1742 1323 gatiuhan,
1776 1258 2009 1305 confundit
2028 1261 2189 1305 radices
2208 1260 2383 1319 penitus

178 1327 378 1379 diversas·
454 1324 632 1377 Tiulzan
653 1327 770 1371 enim
788 1324 871 1371 five
885 1324 1110 1391 gatiuhan
1131 1325 1287 1372 ducere
1309 1340 1440 1379 notat,
1461 1340 1586 1384 atque
1609 1326 1715 1371 adeo
1735 1325 2043 1386 fignificatione
2067 1327 2238 1386 penitus
2258 1325 2311 1369 ab
2331 1340 2384 1369 eo

175 1394 397 1445 diversum
419 1393 491 1449 est,
527 1394 573 1439 id
594 1392 715 1452 quod
740 1390 1036 1440 Tenkaoenzcm
1055 1393 1143 1455 jam
1171 1408 1294 1438 autea
1312 1389 1549 1448 observare,
1579 1394 1782 1437 memini:
1819 1394 1904 1439 hoc
1926 1391 2103 1453 insuper
2122 1394 2165 1436 in
2186 1387 2384 1451 perchio

175 1465 306 1511 habet
321 1457 521 1529 gatauh,
558 1461 601 1525 in
623 1460 856 1521 participio
878 1458 1037 1520 paffivo
1054 1456 1337 1525 gatauhans,
1375 1458 1484 1502 illud
1516 1475 1618 1503 vero
1641 1458 1823 1523 gataih,
1856 1458 2122 1525 gataihans.
2189 1457 2385 1516 Reliquit

175 1533 263 1578 hoc
285 1527 483 1576 nostrum
503 1525 650 1575 teilzan
669 1528 714 1571 in
734 1526 940 1573 omnibus
960 1523 1049 1572 fere
1068 1527 1225 1587 linguis
1245 1524 1548 1583 antIquoribus
1566 1522 1627 1570 sui
1653 1524 1847 1585 vestigia,
1876 1534 1977 1585 ¹'quae
1997 1541 2141 1571 tamen
2159 1539 2210 1571 ‘nt
2228 1524 2385 1584 aegrius

173 1594 477 1660 agnoscantur,
511 1591 666 1650 effecit,
694 1594 757 1639 uti
778 1594 953 1655 opinor,
984 1609 1138 1653 praeter
1158 1593 1362 1638 omnium
1382 1608 1541 1647 rerum,
1561 1591 1600 1636 ἃ
1622 1592 1664 1636 in
1689 1594 1845 1651 primis
1865 1594 2128 1652 linguarum,
2149 1588 2387 1636 inconstan-

175 1668 308 1721 tiam,
343 1660 568 1710 difficilior
597 1662 908 1722 pronunciatio
936 1658 1237 1723 adspirationis
1258 1658 1480 1714 Gothieae,
1510 1659 1553 1702 in
1588 1659 1735 1703 medio
1768 1661 1887 1705 vocis
1909 1659 2152 1713 collocatae3
2185 1672 2317 1716 quam
2338 1669 2388 1701 ut

176 1730 474 1792 quadantenus
501 1729 792 1788 exprimerent
825 1728 1032 1787 reliquae,
1063 1726 1200 1772 modo
1223 1724 1249 1772 le
1268 1727 1334 1770 vel
1364 1739 1398 1781 c,
1426 1724 1563 1770 modo
1588 1739 1624 1789 g
1650 1727 1740 1771 eius
1760 1725 1858 1772 loco
1880 1723 2215 1781 substituerunt,
2247 1721 2387 1768 modo

177 1798 310 1845 etiam
329 1813 424 1846 eam
443 1796 617 1858 penitus
640 1794 929 1856 p1·aeterivere.·
996 1797 1057 1839 Ita
1076 1793 1253 1838 Graecos
1273 1805 1433 1841 veteres
1454 1801 1571 1841 aalma
1596 1789 1755 1847 dimise,
1791 1794 2009 1848 novimus²
2040 1790 2081 1837 ἃ
2101 1790 2231 1838 etiam
2253 1786 2390 1835 osten.

178 1863 288 1911 dunt
303 1870 415 1922 θείξω,
432 1866 597 1919 δείκνυμι.
651 1859 796 1907 Latini
820 1859 981 1908 habent
999 1858 1111 1920 dico,
1132 1858 1295 1914 dicare,
1313 1856 1429 1902 unde
1455 1857 1669 1914 indicare,
1703 1860 1856 1915 index,
1890 1859 2120 1916 indicium,
2155 1856 2212 1914 ἃ,
2238 1853 2269 1901 fi
2288 1854 2390 1904 An-

177 1930 331 1998 gelum
352 1926 592 1976 Cam‘nium
615 1923 841 1975 austorem
859 1924 1095 1986 sequimur,
1124 1925 1233 1980 dico,
1269 1924 1427 1981 dicere,
1462 1925 1631 1985 quippe
1653 1926 1775 1984 quod
1795 1925 1856 1971 nil
1881 1923 1998 1970 aliud
2018 1921 2112 1980 esse,
2145 1923 2218 1979 ait,
2254 1931 2389 1980 quarn

181 1996 404 2045 ostendere
431 1995 568 2040 animi
596 1990 661 2040 sui
687 1990 954 2044 sententiam.
1024 1997 1203 2040 Putatur
1232 1990 1283 2037 ab
1317 1988 1582 2037 ostendendo
1612 1990 1658 2039 h.
1680 2007 1713 2036 e.
1738 1998 1813 2041 dm'
1842 2000 1890 2038 τς
1908 1996 2024 2039 &laen
2058 1990 2187 2034 etiam
2216 1986 2392 2053 digitus

181 2077 456 2124 nuncupatus
475 2059 570 2117 effe,
590 2075 744 2122 utpote
766 2077 854 2120 quo
875 2058 1181 2116 monstranmS,
1201 2059 1266 2105 uti
1287 2059 1366 2108 Gr,
1388 2062 1562 2111 δάκτυλος
1590 2056 1705 2116 quasi
1726 2063 1898 2106 ἓείκτελας
1923 2072 1946 2101 a
1969 2055 2117 2102 multis
2139 2056 2391 2101 nominatus

183 2145 387 2193 putatur,
412 2128 643 2189 Belgaeque
673 2127 861 2189 digitum
893 2127 1082 2174 indicem
1111 2123 1296 2192 tooglzer
1324 2122 1563 2186 appellant,
1598 2141 1620 2169 a
1648 2122 1855 2189 tooghen‚
1890 2121 2011 2180 quod
2038 2138 2141 2168 mox
2159 2117 2393 2172 adferetur,

180 2195 411 2244 Probabile
431 2210 609 2253 quoque
629 2194 813 2250 videtur,
842 2193 894 2240 ab
916 2194 1070 2240 eodem
1092 2192 1239 2240 nostro
1259 2189 1422 2247 teihan,
1438 2187 1618 2256 gataih,
1636 2187 1878 2237 formatum
1901 2185 2030 2234 fuisse
2047 2185 2188 2244 taikn,
2207 2186 2390 2248 iignum,

183 2261 302 2324 quasi
322 2259 461 2307 futuri
482 2260 710 2316 indicium,
729 2260 770 2307 ἃ
791 2260 1013 2324 taiknjan,
1034 2258 1271 2307 ostendere.
1305 2261 1449 2305 Marc.
1467 2271 1540 2317 14,
1556 2274 1573 2305 1
1589 2273 1632 2317 ς.
1675 2257 1742 2306 Sa
1766 2258 1880 2304 izvis
1899 2253 2121 2303 taikneitlz
2142 2252 2290 2302 kelikn
2309 2257 2392 2300 mi-

183 2329 329 2380 kilata
343 2365 354 2387 ,
391 2327 464 2373 ille
483 2325 611 2373 vobis
634 2325 826 2374 ostendet
847 2328 1114 2373 coenaculum
1134 2327 1315 2387 grande,
1351 2342 1375 2371 a
1395 2324 1554 2384 quibus
1573 2339 1688 2370 totus
1710 2322 1829 2369 orbis
1850 2321 2066 2367 Gathicus
2089 2334 2312 2366 mutuatus
2334 2317 2393 2366 est

183 2390 306 2453 iekn,
336 2390 510 2443 zeiclzen
527 2389 623 2443 &a
691 2395 740 2438 ln
765 2409 802 2459 g
825 2392 1161 2454 adspirationem
1192 2404 1493 2437 converterunt
1520 2390 1764 2441 Alemanni,
1801 2404 1924 2433 more
1951 2384 2028 2434 suo
2056 2398 2075 2434 t
2095 2384 2273 2447 insuper
2299 2387 2343 2431 in
2363 2402 2392 2435 z

183 2476 505 2527 permutanteS,
534 2465 685 2526 zeigen
705 2459 913 2516 dicentes,
939 2455 1087 2506 forsan
1105 2458 1145 2504 ὅτ
1166 2472 1351 2523 zeugen,
1384 2472 1522 2515 quum
1549 2454 1689 2502 testari
1718 2454 1779 2500 nil
1797 2452 1916 2500 aliud
1935 2451 1982 2499 fit
2000 2470 2134 2514 quam
2153 2453 2391 2511 veritatem,

184 2546 366 2591 quaeque
388 2525 472 2574 visa
493 2527 535 2574 &
554 2527 700 2573 audita
719 2523 828 2582 sunt,
848 2526 1050 2574 indicare.
1099 2525 1295 2571 Maiores
1319 2521 1452 2569 nostri
1475 2522 1574 2567 inde
1596 2536 1705 2588 tyga
1723 2522 2006 2581 adoptavere:
2042 2513 2294 2583 undefasse
2313 2532 2394 2586 tyg

184 2599 229 2643 in
250 2598 421 2659 hymno
441 2591 474 2642 s.
495 2591 554 2639 est
572 2590 729 2640 falsum
747 2590 1061 2648 testimonium,
1080 2590 1290 2650 quodque
1315 2586 1525 2651 superstes
1548 2589 1757 2635 habemus
1777 2587 2011 2646 hodieque,
2040 2586 2212 2653 betyga,
2235 2584 2392 2634 testari.

184 2664 324 2724 Belgae
347 2664 391 2707 in
412 2677 516 2706 voce
538 2658 723 2726 tooglien
744 2675 975 2719 utramque
999 2655 1674 2720 significationem'coniungunt,
1710 2656 1876 2715 quippe
1904 2671 2000 2714 quae
2027 2654 2225 2708 denotat,
2254 2650 2392 2697 osten-

187 2728 306 2784 dere,
337 2727 547 2782 indicare,
576 2726 743 2781 testari,
776 2724 1012 2779 testificari,
1044 2721 1220 2771 austere
1239 2722 1422 2773 Kiliano
1448 2724 1493 2768 in
1513 2722 1824 2789 Etymologico
1849 2720 2100 2770 'R’utonicof
2130 2719 2395 2779 Septentrio·

186 2795 301 2842 nales
321 2793 454 2840 nostri
474 2791 504 2842 lz
525 2809 831 2856 praetereuntes
853 2810 876 2839 a
899 2788 1230 2853 Moesogothico
1251 2790 1416 2848 teilzan,
1437 2793 1503 2837 tia
1523 2790 1565 2836 &
1585 2803 1653 2838 tea
1674 2786 1935 2841 formarunt,
1972 2804 2067 2848 quae
2086 2782 2395 2846 fignificatione

189 2859 254 2907 illi
273 2877 319 2905 ex
337 2858 418 2906 affe
443 2859 718 2923 respondent,
753 2860 958 2908 denotant
974 2859 1094 2905 enim
1115 2856 1354 2913 ostendere,
1374 2854 1625 2919 significare.
1658 2857 1776 2907 Kon.
1797 2855 1928 2922 Styr.
1948 2873 1994 2916 p.
2013 2870 2046 2912 9
2092 2852 2233 2901 Huru
2256 2862 2394 2898 matta
2427 2865 2433 2869 “

189 2924 280 2979 lum
302 2938 372 2977 tea
391 2926 496 2976 oella
508 2925 797 2997 falkomafin
818 2924 1039 2988 mimicae,
1071 2924 1306 2986 qu‘omodo
1330 2922 1524 2973 testatam
1541 2923 1770 2974 redderent
1797 2920 2107 2986 perficeretque
2126 2916 2394 3031 suaiqalgpssig
