2473 3380
769 200 835 250 M
873 198 932 251 A
973 200 1117 255 T.T·
1142 199 1306 256 ΗΕ
1347 196 1399 259 ιζ
1451 208 1716 262 XXVII.
2255 237 2322 281 ..9

185 305 394 356 thamna.
424 308 481 372 g)
539 307 734 357 ohtedun
780 310 939 360 abraba
980 316 1180 376 quithan·
1324 316 1624 379 vehementer,
1668 320 1887 370 dicentes:
1936 340 2038 374 vere
2083 326 2201 379 filius
2236 335 2321 382 Dei

183 371 299 418 dans.
350 371 685 436 bisunjai‘goths
703 375 850 440 fimus
871 380 923 440 h)
960 382 1010 427 ist
1032 381 1089 432 sa.
1321 383 1382 430 est
1411 384 1497 435 hie.

119 452 192 497 55.
229 437 370 484 wesun
395 440 562 486 uhthan
591 442 728 504 jainar
748 448 937 505 quinons
967 465 1176 510 managos
1259 465 1334 510 55.
1360 453 1494 506 Erant
1510 454 1765 501 autem-illic
1786 455 1989 504 mulieres
2009 460 2180 520 multae,
2212 481 2315 526 pro-

179 500 416 552 fairrethro
434 505 770 571 fitiqlzandee‘ns.
791 511 832 575 i)
863 512 1010 564 tlzozci
1027 513 1076 576 k)
1100 515 1173 561 lai·
1321 515 1388 562 cul
1426 515 1686 580 spefiiantes5
1721 538 1817 582 quae
1861 520 2011 571 secutae
2050 523 2223 577 fuerant
2245 535 2315 595 Je-

113 588 116 591 ’
174 569 374 617 stidedun
404 570 497 619 afar
530 573 675 627 iaisua.
1116 617 1118 619 .
1318 580 1432 631 sum.

109 643 192 699 64.
225 638 331 684 Und
364 639 493 687 thana
520 641 718 708 thridjin
740 643 816 707 kk)
845 646 943 708 dag.
1006 659 1009 662 ’
1248 654 1326 709 64.
1357 651 1506 707 Usque
1534 652 1587 698 ad
1620 652 1737 701 diem
1774 663 1972 706 tertium.

851 783 1286 875 Evangelium
1335 784 1556 854 Marci.

536 875 642 934 Cap,
685 873 726 918 1:
1685 881 1863 942 Cap.1:

101 946 152 992 4.
183 932 244 979 du
274 936 516 1002 aflageinai
539 941 574 998 l)
605 936 878 987 frawaurhte.
1078 926 1088 954 ¹
1240 954 1287 1000 4.
1321 939 1388 986 Ad
1417 940 1710 991 remiffionem
1738 964 2039 1008 peccatorum.

101 999 247 1062 &jah
289 1004 450 1051 matida
488 1009 779 1055 tlzramsteins
805 1005 866 1067 m)
897 1006 972 1071 jah
1012 1005 1163 1053 milith
1242 1011 1288 1054 6.
1322 1009 1378 1054 Et
1408 1008 1560 1056 edebat
1604 1039 1977 1056 -------
1992 1030 2026 1054 ·-
2060 1017 2103 1065 ὃ(
2130 1022 2219 1068 mel
2243 1024 2305 1071 ffl-

1273 1076 1309 1118 C
1345 1089 1373 1122 2
1734 1129 1737 1131 ,
2209 1085 2305 1140 hai-

141 1178 191 1230 g)
216 1179 251 1229 J.
268 1178 302 1215 ἃ
328 1179 379 1217 St.
405 1178 635 1228 wammam,
663 1182 768 1234 quod
793 1182 917 1224 reiici„
936 1181 1068 1222 debet:
1115 1193 1208 1222 nam
1233 1181 1433 1222 vamhano
1459 1183 1513 1223 est
1537 1185 1736 1240 fingularis
1763 1193 1939 1241 numeri,
1967 1193 2074 1246 quod
2098 1197 2303 1249 requireret

198 1229 294 1267 tlmla
321 1230 512 1273 vasnhano.

145 1281 189 1330 12)
218 1284 271 1322 Ita
298 1283 340 1320 Β.
365 1282 506 1332 Junim
531 1286 568 1324 ὃ(
594 1286 751 1329 Stiernh.
770 1285 889 1338 fiam,
918 1288 980 1327 lat.
1007 1285 1145 1326 filium.
1490 1300 1495 1307 ‘

142 1336 175 1383 i)
200 1337 235 1388 J
256 1337 289 1374 ὅς
308 1338 359 1378 St.
369 1335 652 1388 saiqhaindeins,
680 1338 743 1377 sed
767 1337 915 1377 vitiose:
947 1337 999 1377 est
1023 1340 1128 1377 enim
1146 1337 1328 1389 afiziqlmn
1354 1339 1472 1379 Marc.
1491 1353 1535 1389 4,
1570 1355 1627 1390 14.
1652 1358 1731 1384 non
1738 1345 1916 1400 fiziqhain.
1971 1350 2162 1392 Martinus
2186 1354 2299 1395 refert

197 1401 334 1428 vocem
367 1389 414 1426 ad
439 1389 709 1431 Chaldaeormn
722 1389 845 1439 sssslta?
867 1390 1007 1438 Junius
1031 1391 1078 1428 ad
1104 1403 1317 1441 graecorum
1345 1386 1500 1438 σεοῖομοιι
1527 1397 1703 1443 Aeolice,
1731 1413 1800 1449 pro
1826 1396 2009 1449 θείομοιι,
2023 1403 2160 1454 ἦσεὶἶο,
2190 1407 2298 1449 video.

196 1441 347 1479 Francis
365 1441 397 1477 ὅ(
409 1440 538 1478 Alam.
555 1440 840 1491 efferturfilzan,
869 1441 975 1492 quod
990 1442 1150 1493 antiquo
1168 1454 1275 1481 inore
1294 1445 1618 1494 pronunciabatur
1634 1459 1677 1486 ut
1684 1448 1833 1499 ftelmn.
1858 1452 1896 1491 id
1918 1455 2023 1504 quod
2042 1456 2152 1497 docet
2167 1459 2295 1498 Wack-

191 1504 309 1537 terus,
338 1491 384 1529 ab
403 1503 492 1543 aug,
521 1491 601 1539 och,
629 1492 756 1539 oculus,
780 1494 975 1546 praeposito
1001 1493 1129 1542 fib1103
1149 1495 1240 1547 quia
1263 1494 1376 1536 verba
1394 1496 1572 1537 sensuum
1596 1499 1755 1540 derivari
1772 1501 1892 1543 solent
1916 1506 1962 1545 ab
1981 1510 2145 1559 organis.
2202 1512 2295 1554 vid.

92 1571 99 1574 >
195 1542 308 1583 Gloss.
338 1545 382 1582 G.
444 1575 450 1579 .
481 1556 493 1580 1
529 1556 590 1581 01.

91 1623 99 1627 -
141 1598 189 1648 k)
213 1599 252 1650 J.
271 1598 306 1636 ὅ(
324 1597 377 1636 St.
402 1555 539 1688 lggsutit
563 1595 684 1649 thosei,
711 1598 806 1638 item
817 1600 886 1648 B„
916 1599 951 1638 8<
965 1598 1121 1652 perinde
1147 1598 1219 1639 est:
1248 1614 1339 1640 nam
1356 1601 1487 1653 thozei‚
1513 1602 1618 1658 thrfi’i
1638 1606 1672 1645 8<
1691 1606 1810 1657 moze,
1836 1623 1932 1662 quae,
1955 1611 1996 1652 in
2014 1613 2144 1655 codice
2164 1627 2293 1657 occur-

191 1660 284 1690 runt
347 1661 448 1690 romi
465 1663 548 1690 cuc.

136 1663 379 1751 Emenda-tl'is,
408 1716 501 1755 quas
526 1702 640 1746 habet
664 1703 847 1756 pretiosus
872 1703 994 1745 codex
1019 1717 1241 1758 argenteus,
1270 1708 1419 1761 exiguis
1445 1710 1642 1762 Evangelii
1667 1713 1839 1754 Matthaei
1862 1716 2052 1770 reliquiis,
2079 1721 2193 1761 etiam
2218 1723 2289 1770 illa,

193 1769 363 1809 quorum
390 1756 578 1796 damnum
600 1757 745 1811 pensari
770 1760 924 1811 nequit.
952 1759 1079 1798 exacte
1102 1761 1267 1800 indicare
1292 1763 1415 1807 iuvat,
1442 1774 1486 1802 ut
1512 1766 1625 1804 etiam
1649 1765 1719 1805 hac
1743 1768 1782 1807 in
1811 1780 1934 1821 parte,
1961 1785 2029 1823 pro
2053 1773 2213 1814 instituti
2237 1790 2290 1815 ra-

192 1812 316 1857 tione,
344 1812 388 1850 B.
416 1812 457 1849 L.
487 1808 764 1850 satisfaciamus.
841 1812 956 1851 Dolet
981 1813 1110 1861 nobis,
1138 1816 1288 1866 penitus
1322 1814 1488 1867 periisse,
1523 1819 1648 1871 Caput
1672 1820 1698 1857 1.
1720 1821 1766 1861 II.
1786 1823 1850 1863 III.
1864 1822 1930 1863 IV.
1951 1824 2029 1868 XII.
2051 1828 2154 1869 xm.
2179 1826 2289 1873 XIV.

194 1865 282 1905 XV.
308 1865 409 1902 XVI.
434 1866 554 1905 XVII.
579 1867 719 1911 XVIII.
747 1867 845 1904 XIX.
872 1867 954 1904 XX.
981 1868 1080 1907 XXI.
1109 1869 1226 1908 XXII.
1252 1871 1373 1908 XXIII
1406 1871 1546 1911 XXIV.
1572 1874 1691 1912 XXV.
1710 1875 1885 1916 XXVIII.
1941 1879 1999 1916 Ex
2020 1881 2138 1932 capite
2156 1882 2212 1928 V,
2242 1882 2288 1922 ab

192 1917 302 1956 initio
327 1916 375 1955 ad
402 1916 611 1956 dimidium
636 1931 758 1970 usque
785 1932 818 1958 v.
843 1930 906 1964 ις.
926 1920 999 1966 VI,
1029 1934 1066 1960 v.
1089 1933 1130 1967 33
1151 1924 1187 1960 ὅ(
1211 1934 1269 1970 34.
1300 1924 1386 1970 VIi,
1412 1921 1458 1962 ab
1489 1924 1599 1964 initio
1626 1925 1674 1964 ad
1701 1940 1739 1968 ν.
1771 1940 1839 1976 12,
1870 1931 1978 1970 cuius
2004 1933 2116 1973 altera
2130 1947 2214 1986 pars
2231 1950 2287 1975 re-

190 1969 270 2017 stat,
298 1970 409 2008 altera
429 1970 665 2011 desideratur.
696 1974 741 2019 X,
770 1972 816 2011 ab
835 1972 990 2011 exordio
1009 1973 1058 2013 ad
1083 1987 1119 2015 v.
1143 1986 1210 2022 23,
1233 1976 1294 2013 cui
1321 1976 1432 2015 verba
1458 1990 1613 2030 quoque
1639 1977 1774 2019 desunt
1794 1984 1991 2023 nonnulla.
2011 1987 2081 2033 XI,
2110 1987 2216 2039 quod
2240 2002 2288 2028 ex

191 2022 409 2077 apographo
435 2025 647 2076 colligitur,
677 2027 711 2063 ἃ·
735 2026 891 2064 ulterius
914 2039 932 2063 a
954 2039 990 2065 v.
1013 2038 1081 2074 25,
1110 2041 1232 2080 eoque
1263 2042 1343 2067 non
1365 2031 1536 2082 integro,
1565 2031 1612 2070 ad
1637 2031 1756 2073 finem
1783 2048 1918 2087 usque.
1941 2039 2078 2088 XXVI,
2101 2054 2122 2080 a
2146 2041 2285 2094 princi-

101 2117 103 2120 ,
190 2080 255 2130 pio
272 2075 452 2116 adversus
475 2090 523 2124 70
534 2079 645 2117 verba
675 2079 824 2120 ultima.
873 2080 1036 2126 XXVII,
1060 2093 1081 2118 a
1101 2094 1135 2119 v.
1160 2092 1216 2132 19.
1239 2080 1287 2120 ad
1306 2096 1340 2122 v.
1358 2095 1422 2131 42.
1444 2086 1478 2122 ὅ(
1498 2096 1610 2136 porro
1632 2099 1653 2124 a
1674 2100 1709 2126 v.
1728 2087 1789 2126 66.
1814 2089 1862 2128 ad
1883 2088 2014 2132 finem.

97 2131 100 2133 ’
136 2133 209 2181 kk)
234 2133 288 2170 Ita
313 2130 406 2172 editi
431 2144 587 2178 omnes,
611 2131 672 2178 sed
698 2132 820 2171 codex
845 2131 957 2171 habet
982 2132 1137 2185 ninyam,
1166 2134 1271 2185 quod
1291 2136 1326 2174 ὅ(
1347 2137 1490 2188 lingua:
1514 2140 1688 2192 analogia
1702 2142 1874 2193 requirit.
2219 2193 2222 2196 ,

139 2188 174 2235 ἰ)
200 2184 352 2223 Codicis
372 2186 583 2233 genuinam
603 2186 805 2224 lectionem
823 2183 997 2224 deserunt
1016 2187 1119 2233 editi,
1147 2186 1336 2239 nobisque
1352 2189 1538 2229 reddunt:
1568 2190 1617 2229 du
1641 2191 1824 2242 qflateinai,
1853 2195 1898 2235 ab
1916 2194 2064 2247 afleitan,
2094 2197 2284 2239 dimittere:

191 2235 254 2274 sed
280 2235 382 2273 null-a
402 2234 447 2272 de
464 2235 631 2274 restituta
655 2250 747 2275 voce
773 2236 824 2275 est
848 2237 1056 2283 dubitatio,
1083 2240 1178 2287 quin
1198 2242 1232 2278 &
1251 2239 1372 2279 sensui
1388 2242 1429 2281 h.
1449 2243 1475 2282 l.
1494 2245 1529 2282 ὃ(
1544 2245 1688 2295 linguae
1708 2247 1919 2299 interpretis
1939 2251 2083 2302 optIme
2103 2251 2279 2303 quadr-en

117 2313 141 2335 ,a
193 2288 245 2328 est
268 2288 374 2326 enim
395 2286 441 2326 ab
466 2285 638 2340 aflagjan,
666 2287 833 2339 deponere
855 2288 942 2341 Joh.
970 2301 1034 2335 10,
1070 2297 1128 2331 18.
1159 2291 1194 2328 ὅ(
1218 2290 1294 2330 hoc
1321 2292 1367 2331 ab
1393 2293 1454 2344 cf,
1482 2293 1569 2340 οἰκ-α’,
1600 2295 1654 2342 ab,
1674 2298 1709 2335 ὅ(
1727 2293 1872 2349 lagjan,
1891 2313 2047 2350 ponere.
2076 2310 2228 2345 mittere.

129 2344 187 2395 m)
215 2344 270 2381 Ut
287 2340 360 2380 alio
377 2350 489 2392 atque
507 2341 580 2379 alio
599 2340 718 2379 modo
738 2341 1030 2392 interpretantur
1047 2339 1218 2394 theologi
1236 2345 1455 2384 Graecorum
1471 2344 1637 2395 α’κςίδας,
1672 2349 1812 2400 quibus
1830 2351 1871 2389 in
1895 2349 2097 2393 solitudine
2115 2354 2281 2396 vesteba·

189 2405 250 2434 tur
265 2393 479 2448 Johannes,
505 2395 557 2432 ita
574 2393 714 2432 diversa
729 2395 874 2433 ratione
891 2396 937 2433 M
971 2392 1191 2434 Gothorum
1208 2395 1428 2449 thramsteius
1445 2400 1622 2451 explicari
1641 2400 1743 2452 poffe
1761 2401 1930 2442 videtur:
1966 2405 2003 2444 &
2029 2409 2280 2458 quemadmo-

189 2448 286 2487 dum
301 2460 368 2500 per
386 2445 531 2498 οἶκςίδοις
550 2448 729 2486 nonnulli
749 2445 928 2494 locustaS,
963 2449 1218 2488 extremitates
1245 2448 1431 2490 fruticum
1454 2453 1517 2491 alii
1542 2454 1743 2494 intelleclas
1768 2457 1939 2504 voluere3
1972 2472 2039 2511 per
2059 2459 2282 2513 thr-amsteim

112 2527 130 2535 ›.
188 2501 458 2542 aliisanimalia
472 2498 624 2548 insecta,
652 2502 732 2541 aliis
750 2501 950 2540 cacumina
967 2499 1192 2552 herbarum,
1221 2501 1423 2556 significari
1438 2504 1561 2546 visum
1580 2505 1644 2548 est.
1698 2506 1883 2548 schilterus
1907 2511 1949 2556 in
1967 2511 2147 2553 Gloffiirio
2174 2518 2278 2555 Teu-

188 2555 316 2593 tonico
333 2567 423 2606 pag.
447 2561 532 2601 158.
549 2553 770 2605 thramsteins
787 2553 1043 2606 compositum
1062 2566 1171 2607 putat
1189 2569 1236 2594 ex
1262 2556 1416 2606 thrams,
1462 2561 1497 2598 ὃ(
1524 2561 1630 2598 teins:
1661 2562 1748 2600 teins
1777 2562 1953 2603 denotare
1970 2563 2128 2616 fitmmos·
2151 2580 2279 2616 ramos,

188 2605 344 2659 virgulta
360 2609 395 2645 ὅ(
413 2609 545 2644 vimina
549 2606 752 2658 firmicum,
781 2606 1069 2659 arbustorumque
1097 2610 1329 2660 generatim:
1365 2610 1485 2650 thram
1511 2614 1572 2652 vel
1597 2611 1791 2666 speciatim
1816 2615 2024 2669 significare
2057 2616 2279 2670 arbzstorum

186 2658 363 2711 quendam
374 2657 538 2710 speciem,
566 2660 625 2698 vel
637 2672 749 2712 genus
766 2658 889 2712 ipfiaem.
943 2661 1001 2699 Illi
1019 2659 1292 2714 adstipulantur
1305 2663 1464 2715 plurimi
1480 2665 1637 2705 ecclesiae
1657 2669 1795 2707 Graecae
1810 2672 1932 2710 Patres
1944 2699 1954 2718 ‚
1988 2683 2058 2709 ceu
2074 2671 2278 2714 confirmat

186 2710 357 2763 Ifidorus,
384 2710 513 2752 Abbas
529 2714 675 2752 mont‘1s
694 2712 875 2752 Pelusiaci
890 2713 931 2751 in
948 2715 1145 2767 AEgypto,
1171 2714 1236 2754 lib.
1259 2717 1285 2754 I.
1304 2715 1423 2769 Epist.
1447 2730 1531 2764 132.
1560 2721 1595 2759 8<
1613 2720 1728 2773 Epist.
1747 2732 1782 2767 ς.
1809 2723 1982 2763 eiusdem
1999 2723 2114 2764 Libri.
2169 2728 2278 2781 Quin

184 2766 300 2805 etiam
319 2766 459 2804 Seneca
484 2763 614 2805 herbas
633 2766 667 2804 8(
693 2767 893 2806 cacumina
917 2765 1097 2807 arborum
1120 2768 1162 2807 in
1187 2770 1348 2820 parciori
1373 2770 1548 2811 ciborum
1579 2787 1717 2825 genere
1741 2785 1919 2816 numerat
1944 2775 2061 2829 Epist.
2088 2788 2175 2821 110.
2229 2783 2279 2821 Et

183 2818 281 2865 haec,
308 2819 462 2870 opinor,
489 2817 594 2857 causa
613 2817 685 2865 est,
713 2818 966 2871 quamobrem
986 2820 1326 2861 Reverendiffimus
1351 2823 1477 2864 noster
1501 2825 1702 2875 Eenzelius,
1744 2840 1766 2867 a
1789 2828 1955 2869 verfione
1979 2830 2134 2882 vulgata
2162 2829 2276 2873 (lisce-

181 2872 298 2918 dens,
328 2870 546 2922 thramsteins
565 2881 684 2911 vertat
700 2873 954 2913 extremitates
971 2872 1167 2913 fruticum.
1203 2888 1244 2916 v.
1265 2876 1409 2915 Wacht.
1435 2878 1449 2916 l
1475 2891 1506 2917 c.
1532 2892 1569 2931 p.
1592 2890 1705 2925 1702.
1773 2881 1838 2921 Ab
1871 2882 1929 2923 his
1954 2893 2085 2938 autem
2112 2883 2277 2926 diversus

184 2924 287 2964 Edw.
304 2923 394 2974 Lye:
422 2924 647 2972 ‚‚falluntur‚
674 2925 823 2977 inquit,
849 2925 1161 2974 viri-doetiffimn
1188 2941 1281 2967 nam
1298 2928 1518 2981 thramsteins
1538 2931 1590 2971 est
1616 2936 1711 2974 Ace.
1732 2933 1826 2985 plur,
1856 2935 1904 2973 τῦ
1927 2935 2127 2987 ffiravstei,
2170 2939 2276 2979 unde

184 2978 328 3030 „liquet
343 2990 477 3018 vocem
496 2977 567 3017 esse
596 2976 830 3031 fimplicem,
867 2992 948 3018 non
975 2979 1235 3033 compositam.
1312 2983 1352 3022 Si
1383 2983 1491 3035 quod
1518 2985 1656 3034 velint,
1695 2986 1932 3032 intellexisset
1961 2989 2132 3040 Gothus,
2161 3003 2274 3083 scerte

631 3055 634 3058 ⁴
2134 3071 2157 3094 „
2176 3059 2270 3097 crip-
