2473 3380
299 117 387 169 IN
406 115 717 170 PRISCAM
749 103 1340 170 EVANGELIORUM
1361 115 1799 173 VERSIONEM
1823 113 2104 169 GOTHIC.
2245 127 2304 179 55

93 230 256 292 potuit.
325 231 509 278 Illorum
529 245 643 277 certe
662 230 917 289 neutiquam
931 223 1142 276 ‘satisfecit
1161 213 1341 291 opinio,
1377 231 1453 291 qui
1466 232 1640 300 ἕψω,
1676 228 1853 292 quando
1872 229 1968 276 heri
1987 223 2216 290 fignificat,
2249 224 2306 274 ab

92 293 301 361 hesterno,
322 297 499 356 quando
518 313 622 355 cras,
643 314 665 343 a
685 299 890 363 crqflino,
925 312 1005 357 per
1025 296 1274 343 metathesin
1295 297 1515 354 quandam
1537 298 1780 344 litterarum
1801 293 1969 343 fafi’tum
1990 295 2163 342 volunt.
2197 292 2304 343 vid.

90 362 309 409 Wachter.
331 361 470 414 Gloff,
491 364 646 412 Germ.
669 380 776 411 voce
789 365 977 430 gestern.
1031 362 1247 422 Equidem
1270 364 1547 424 quaerendam
1568 363 1687 411 haud
1707 360 1857 410 censeo
1877 378 1991 409 extra
2008 358 2114 408 fines
2135 357 2305 409 Gothi-

93 429 132 474 ci
152 426 365 475 sermonis
385 431 477 476 vim
496 430 539 477 &
560 431 776 492 originem
795 441 841 479 ι-ιῖ
861 430 1277 479 GlSTRADAGIS.
1348 433 1472 477 Nam
1493 430 1686 479 Gothica
1704 431 1856 490 utique
1875 426 1934 475 est
1952 424 2099 474 forma
2116 425 2304 472 vocabu·

91 492 146 550 li,
178 495 257 554 qui
276 496 492 557 genitivus
521 494 581 543 est
605 495 913 557 adverbialiter..
928 493 1114 556 positus:
1149 497 1404 544 cuiusmodi
1434 497 1569 544 multa
1596 496 1716 559 apud
1737 495 1936 552 GothOS,
1969 509 2018 541 ut
2035 489 2305 540 FRAMWI·

93 557 400 624 GlSst’mper,
433 566 507 626 J0.
529 569 573 619 6,
598 577 675 624 34.
706 565 855 609 AIRIS
886 564 1014 618 olim,
1049 564 1156 612 Luc.
1181 576 1255 620 10,
1281 577 1357 623 13.
1387 566 1623 611 HAUHIS
1651 565 1697 610 in
1725 562 1889 619 altum,
1924 575 1999 622 14,
2024 574 2097 608 10.
2115 558 2306 617 aliaque.

91 626 284 674 Gothica
306 630 426 685 item,
445 628 488 675 &
508 629 690 689 quidem
710 643 767 676 ex
783 629 1012 675 communi
1030 629 1263 688 nativoque
1283 631 1375 677 eius
1395 632 1534 691 gentis
1553 629 1752 678 sermone
1773 629 1922 690 petita,
1947 624 2166 689 posterior
2184 638 2307 671 com-

89 691 221 754 positi
240 711 367 755 pars,
404 711 500 754 quae
518 693 578 741 est
598 696 755 741 DAGS
777 694 892 742 diest
928 711 1062 754 quare
1081 694 1125 740 ὅ(
1144 697 1308 756 prioris
1335 698 1493 757 partis,
1528 714 1624 758 quae
1652 694 1712 743 est
1731 696 1936 751 GISTA,
1970 690 2153 740 eandem
2181 703 2302 736 natu·

89 774 186 806 ram
205 760 323 806 credi
341 776 422 823 par
441 758 517 809 est.
586 762 735 807 Huius
751 777 854 809 vero
876 761 1033 822 partiS,
1068 776 1153 820 qua
1174 762 1219 807 in
1237 763 1414 808 matrice
1441 763 1587 824 lingua
1614 764 1857 827 crqstinm,
1892 761 1938 807 in
1966 755 2198 807 serioribus
2218 755 2306 803 dia-

90 822 211 872 leffls
235 822 462 890 hqsternus
482 827 572 872 dies
601 825 944 883 demonstratur,
976 824 1159 873 statuere
1186 844 1325 889 porro
1352 828 1475 884 licet,
1508 846 1605 876 eam
1632 830 1725 876 vim
1752 828 1959 890 primitus
1988 822 2140 881 fuisse,
2170 836 2221 869 ut
2239 839 2307 868 ex·-

31 950 35 953 ⁴
89 892 303 952 primeret
322 907 472 939 notam
492 890 565 939 seu
586 890 923 955 descriptionem
944 892 1161 953 aliquam,
1196 911 1294 954 quae
1318 895 1364 939 in
1382 909 1621 955 utrumque
1646 894 1764 941 diem
1782 894 1825 941 δι
1850 890 2085 954 pristinum
2105 890 2147 937 ἃ
2164 886 2306 950 poste·

90 973 209 1014 rum,
231 960 395 1019 pariter
413 961 682 1006 conveniret:
718 960 845 1020 quale
864 958 947 1019 est,
975 963 1272 1024 proximum,
1307 975 1382 1008 aut
1398 958 1537 1007 simile
1558 962 1679 1021 quid,
1709 960 1827 1007 diem
1849 959 1952 1008 dici.
2007 961 2064 1005 Et
2087 955 2186 1018 pari
2206 952 2305 1001 sane

88 1025 257 1070 ratione
275 1036 373 1083 ἐχθὲς
394 1025 527 1085 vulgo
545 1036 643 1083 χθὲς,
672 1026 792 1086 quod
817 1026 984 1072 Graecis
1002 1023 1061 1073 est
1077 1023 1188 1083 heri,
1213 1025 1374 1073 dicitur
1390 1026 1444 1074 ab
1477 1021 1635 1087 ἰ’χρμιιι,
1669 1026 1716 1073 id
1735 1024 1815 1082 est,
1849 1022 2022 1082 haereo,
2054 1025 2305 1072 coniunaus

29 1092 30 1096 ’
74 1085 161 1154 stu
173 1088 552 1155 proximusfiem,
572 1093 675 1151 quia
697 1091 788 1140 dies
805 1092 1027 1140 hesternus
1047 1091 1180 1140 haeret
1198 1091 1439 1154 hodia-1103
1475 1110 1552 1140 nee
1570 1108 1714 1140 tamen
1732 1094 1879 1139 minus
1898 1094 1943 1156 τῇ
1957 1098 2102 1154 ἐχομένῃ
2123 1103 2303 1150 quoque

90 1172 177 1217 pro
204 1166 251 1205 τῦ
269 1163 428 1219 bringam
454 1173 558 1206 cras
575 1155 786 1220 usurpant
803 1160 969 1217 Graeci,
1003 1159 1137 1206 veluti
1172 1174 1212 1213 1.
1228 1160 1413 1222 Paralip.
1438 1175 1511 1218 10,
1532 1168 1576 1216 8.
1609 1176 1741 1220 quern
1769 1160 1921 1206 locum
1952 1153 2106 1204 confer
2132 1170 2236 1202 cum
2261 1167 2303 1201 1.

91 1224 195 1283 Reg.
218 1230 364 1286 35⁷8·
433 1225 520 1271 His
542 1226 600 1271 ita
620 1223 794 1286 positis,
828 1228 916 1274 iarn
935 1225 1110 1272 tandem
1129 1243 1343 1274 conemur
1360 1243 1508 1274 eruere
1529 1229 1746 1287 originem
1777 1235 1824 1276 τῦ
1849 1225 2093 1281 GISTRA,
2122 1223 2169 1268 in
2195 1235 2304 1267 voce

90 1289 503 1346 GISTRADAGIS‚
531 1290 725 1338 adhibita
747 1293 790 1338 in
815 1292 1042 1339 consilium
1062 1294 1259 1354 analogia
1278 1293 1557 1340 derivationis
1576 1293 1794 1339 eiusmodi
1813 1291 2047 1345 verborum
2066 1287 2189 1350 apud
2208 1286 2304 1333 Go-

88 1355 212 1412 thos,
245 1372 342 1415 quae
361 1355 584 1404 certiffima
602 1357 662 1404 est
680 1359 1055 1421 etymologiarum
1076 1355 1302 1421 interpres,
1370 1362 1488 1406 Sicut
1501 1362 1633 1421 igitur
1650 1376 1676 1405 a
1694 1354 1964 1415 BLOTAN,
1988 1362 2165 1414 σέβεσθαι,
2189 1353 2305 1400 cole·

86 1437 135 1469 re
156 1422 297 1472 Marc.
320 1435 365 1482 7,
384 1436 429 1486 7.
456 1425 574 1470 venit
592 1425 1123 1485 GUTHBLOSTREIS,
1143 1433 1330 1482 Θεοσιβῆς,
1351 1427 1445 1474 Dei
1469 1427 1633 1483 cultor,
1650 1429 1719 1489 J0.
1741 1441 1787 1485 9,
1813 1439 1891 1490 3¹·
1921 1423 1964 1472 &
1991 1438 2015 1467 a
2043 1419 2301 1476 GILDAN,

86 1488 464 1549 Anglo-Saxonice
487 1491 590 1536 item
606 1491 793 1557 gildam,
810 1489 1015 1556 solvere,
1044 1494 1287 1557 praestare,
1322 1492 1436 1539 unde
1456 1494 1602 1539 GILD
1629 1492 1768 1552 (apud
1798 1491 2147 1552 Anglo—Saxones
2170 1481 2302 1551 gild)

80 1557 339 1621 proestatio‚
373 1554 619 1614 tributum,
650 1556 820 1621 censiu,
854 1563 963 1608 Luc.
987 1573 1062 1613 20,
1083 1571 1159 1607 22.
1182 1555 1230 1603 fit
1257 1558 1796 1606 GILSTRAMELEINS
1826 1554 2039 1622 cerfimlis
2063 1550 2303 1617 defiriptio

88 1637 134 1679 2,
157 1636 200 1671 2.
222 1623 280 1668 ita
301 1623 382 1668 rite
403 1622 633 1671 deducitur
651 1625 1055 1672 GISTRADAGIS
1077 1643 1099 1670 a
1120 1626 1323 1672 GlTAN
1338 1661 1348 1681 ,
1382 1624 1758 1686 Anglo-Saxonice
1773 1638 1945 1690 gytan,
1975 1632 2129 1689 getan,
2147 1619 2302 1683 acqui-

85 1695 211 1745 rere,
244 1686 455 1752 adipilbi‚
489 1689 607 1737 unde
627 1690 924 1752 compositum
945 1691 1208 1739 BIGlTAN
1239 1695 1436 1739 invenire
1453 1695 1527 1754 J0.
1556 1699 1627 1747 18,
1651 1699 1729 1753 38.
1761 1691 1804 1738 &
1832 1687 2000 1752 paffim.
2068 1688 2217 1745 Itaque
2244 1681 2300 1732 ab

86 1752 366 1819 adipiscendo
386 1755 454 1801 vel
474 1756 756 1822 adiungendo
773 1759 1117 1820 appellationem
1150 1758 1313 1803 invenit
1339 1757 1748 1806 GISTRADAGIS
1768 1773 1816 1802 ac
1843 1752 2147 1823 gssrandaeg,
2179 1763 2304 1797 nota-

83 1821 233 1881 vitque
251 1822 458 1882 primitus
475 1822 518 1868 61
536 1825 719 1885 proprie
737 1823 853 1876 dem
872 1825 1090 1871 hodierno
1107 1823 1371 1889 appofflum,
1404 1825 1656 1882 adicendum
1669 1859 1683 1884 ,
1711 1834 1881 1889 aptum,
1906 1822 1994 1868 hoe
2011 1818 2086 1878 est,
2104 1817 2298 1865 vicinum

2 1885 7 1888 ”
84 1885 158 1933 seu
176 1888 434 1949 proximum
446 1924 458 1945 ,
490 1884 574 1934 five
592 1888 817 1950 insequens
836 1891 920 1946 ille,
939 1889 1021 1937 five
1040 1891 1287 1953 praecedens
1306 1887 1355 1937 sit
1373 1889 1480 1938 dies.
1548 1887 1622 1937 Est
1641 1890 1812 1953 quippe
1840 1890 1888 1936 in
1905 1885 2047 1937 verbis
2064 1880 2299 1941 adiiciendi

82 1951 338 2015 significatio
355 1955 586 2002 vicinitatis
607 1954 1036 2017 coniunstionisqne.
1069 1957 1125 2023 g)

1022 2019 1200 2071 Matth·
1262 2058 1269 2074 )
1293 2038 1320 2072 2
1358 2056 1373 2073 ο

216 2085 556 2134 UNSIBIANA
576 2090 876 2154 iniquitatem)
910 2092 995 2137 Pro
1014 2036 1371 2144 UNslssIXNfi',
1405 2107 1502 2151 quae
1529 2106 1616 2137 vox
1642 2105 1774 2138 corru
1811 2103 1855 2136 ta
1871 2084 1954 2148 est,
1984 2086 2080 2150 lege
2097 2083 2304 2134 UNS1B·

84 2149 264 2210 IATA‚
299 2152 346 2199 id
370 2151 452 2211 est,
484 2158 688 2220 iniquum
706 2157 772 2204 vel
790 2158 969 2223 iniqua,
1002 2156 1089 2204 vid.
1109 2153 1239 2218 supra
1254 2156 1314 2203 ad
1335 2173 1431 2220 cap.
1448 2159 1502 2207 V.
1523 2154 1731 2213 verfi18.
1793 2154 1817 2219 )
2184 2162 2189 2163 ⁷

540 2280 551 2283 -
675 2270 677 2273 ,
727 2242 733 2247 ·
1063 2244 1133 2257 ——
1149 2225 1221 2276 IX,
1243 2237 1322 2281 29.

220 2284 550 2334 SITANDAN
571 2286 662 2336 AT
680 2286 1130 2353 MOTAIfidentem
1151 2287 1217 2337 ad
1231 2290 1462 2350 telonium)
1497 2288 1543 2336 id
1565 2285 1646 2345 est,
1680 2285 1885 2350 vestigal:
1920 2301 2095 2348 nempe,
2124 2282 2294 2344 exigen-

38 2392 48 2395 Δ
83 2351 207 2400 dum.
264 2353 334 2399 Sic
351 2353 534 2400 vertitur
550 2359 735 2414 „aeimm-
752 2366 808 2403 ἐπὶ
827 2363 871 2404 n*
882 2356 1058 2412 τελόνέω,
1087 2355 1130 2403 ὅ(
1149 2354 1222 2401 hic
1241 2354 1283 2402 ἃ
1304 2358 1442 2403 Marc.
1464 2372 1510 2408 2,
1538 2371 1611 2418 14.
1643 2372 1728 2416 pro
1751 2371 1842 2415 quo
1862 2369 2007 2401 tamen
2025 2355 2131 2400 Luc.
2152 2363 2195 2410 ς,
2214 2361 2294 2408 27.

83 2418 413 2467 SITANDAN
466 2422 599 2467 ANA
651 2419 1056 2470 MOTASTADA
1108 2419 1324 2469 sedentem
1377 2423 1424 2468 in
1471 2422 1660 2479 telonio,
1693 2419 1768 2469 seu
1818 2421 1942 2478 loco,
1984 2418 2064 2466 ubi
2106 2416 2295 2528 cing-stult

1630 2521 1634 2524 .
2097 2500 2147 2529 ve
2195 2497 2264 2540 lga
2283 2517 2295 2530 .

129 2580 179 2636 g)
204 2579 385 2633 Ingeniqfiz
400 2578 583 2633 baecfimt,
596 2579 667 2632 fid
682 2584 743 2634 qui
759 2580 979 2631 confidentior
1002 2596 1071 2622 non
1088 2581 1154 2634 est,
1183 2595 1328 2623 veretur
1339 2583 1561 2623 imervallum
1577 2582 1680 2631 illud,
1707 2581 1800 2634 quod
1805 2581 1952 2634 fiparat
1968 2580 2079 2620 ideam
2095 2574 2302 2630 acquirendi

188 2631 232 2672 ab
247 2631 323 2672 idea
346 2631 573 2686 adiungendi,
601 2632 646 2675 Εἴ
661 2634 750 2673 hanc
766 2633 808 2674 ab
823 2634 898 2674 idea
915 2634 1068 2688 crastini,

135 2686 177 2741 h)
202 2685 412 2736 Unfibjana
431 2685 734 2741 lucidenterrlmhet
750 2687 856 2727 codex
875 2700 1074 2742 argenteus,
1101 2701 1206 2741 quam
1235 2688 1405 2729 leffionem
1431 2687 1558 2742 duplici
1580 2687 1679 2727 mdo
1705 2689 1798 2726 tueri
1815 2684 2005 2740 poffitmus-
2059 2683 2098 2724 Si
2121 2686 2211 2724 enim
2227 2685 2293 2723 im·-

189 2752 277 2792 quus
295 2737 535 2793 Moesbgotlzicc
553 2741 745 2790 uniibgans
763 2740 970 2789 vocabatur,
998 2741 1184 2781 caiusmodi
1201 2744 1472 2782 terminationem
1490 2739 1614 2780 habent
1629 2741 1869 2787 frahuntans,
1895 2739 2067 2780 vundans
2087 2740 2145 2778 &c
2173 2752 2212 2779 v.
2227 2735 2292 2790 fit-

181 2804 259 2844 pra
267 2805 313 2843 1³⁴
327 2805 392 2842 255.
418 2794 483 2830 ‘erit
499 2793 694 2844 unsibjana
712 2793 820 2846 accus
837 2794 892 2847 pl.
914 2797 1071 2833 nemius
1080 2797 1216 2849 generis
1235 2794 1414 2847 regularis.
1464 2794 1530 2834 Vel
1532 2792 1575 2846 st
1585 2794 1624 2832 id
1637 2796 1749 2833 minus
1759 2793 1907 2845 placeat,
1926 2793 2028 2831 aliam
2046 2795 2142 2832 viam
2158 2788 2295 2843 ingredi

189 2844 278 2886 licet.
335 2843 463 2882 Scilicet
480 2843 673 2895 obfirvavi,
700 2847 796 2885 had
807 2860 920 2899 panca
937 2847 1097 2886 vocabula
1115 2847 1357 2901 Moesogothica
1374 2862 1423 2887 na
1439 2847 1665 2900 enphonicum
1680 2861 1701 2885 a
1710 2845 1785 2897 fine
1802 2845 1987 2899 affigscet‘e.
2012 2859 2038 2884 e.
2051 2860 2091 2900 g.
2110 2846 2292 2897 viganna,

189 2897 278 2936 Luc.
297 2910 335 2945 14
371 2906 567 2942 311utana,
594 2899 717 2939 Marc.
738 2905 770 2947 8,
794 2915 843 2950 ²3-
869 2900 1047 2942 hindana,
1067 2901 1190 2942 Marc.
1209 2915 1239 2950 3,
1258 2906 1290 2945 8.
1319 2901 1452 2942 aftana.
1480 2914 1509 2942 c.
1530 2914 1557 2950 5,
1576 2914 1628 2950 27.
1655 2899 1823 2952 samana,
1851 2900 1932 2945 Luc,
1952 2912 1994 2951 15,
2014 2911 2048 2950 13
2069 2913 2142 2952 pro
2159 2899 2288 2952 vigea,

187 2948 344 3000 hindar,
371 2949 483 3001 astar,
510 2951 629 2994 sama:
657 2951 701 2994 θ’
715 2955 766 2993 ita
782 2952 980 3005 unsibjana
991 2952 1144 3008 positum
1166 2953 1350 3007 cenfibitm·
1366 2969 1438 3008 pro
1456 2952 1616 3008 unfibja.
