2473 3380
938 140 1549 194 PRAEFATIQ
2304 173 2330 215 ς

133 269 218 314 qua
245 265 365 313 parte
394 250 541 297 colore
561 252 733 311 penitus
763 266 911 301 vacua.
980 255 1108 300 Ratio·
1127 256 1220 300 eius
1253 255 1298 299 in
1317 269 1500 315 promtu
1526 254 1607 313 est,
1661 254 1691 302 fi
1720 254 1871 317 ignito‘
1898 257 2018 309 ferro
2055 260 2246 312 formam
2282 266 2332 312 li-

132 334 230 365 terae
251 316 499 378 impressam
531 317 659 369 aridae
693 319 787 362 auri
817 320 1034 380 argentive
1063 320 1244 382 lamella:
1273 320 1342 369 vel
1370 318 1482 368 folio
1511 321 1794 384 judicaveris',
1839 343 1929 372 non
1956 329 2060 375 item
2087 330 2115 377 fi
2146 330 2333 379 tinssura

132 401 261 431 aurea
281 385 421 429 literas
443 380 650 429 formatas
672 383 869 444 duxeris,
901 403 983 445 qua
1002 404 1161 448 nempe
1181 389 1347 434 ratione
1383 403 1581 435 veterum
1625 387 1970 454 chrysagraphos
2000 395 2177 444 exarasse
2207 398 2333 446 docet

131 446 429 513 Montfaucon
451 451 495 494 in
519 449 839 510 Palaeographia
868 452 944 497 Gr.
973 452 1089 499 haud
1117 453 1275 513 procul
1301 454 1443 500 initio.

332 531 380 575 7.
416 515 621 561 Tandem
648 525 775 563 etiam
806 517 959 563 videor
987 519 1121 575 mihi,
1167 520 1213 563 in
1242 518 1338 575 illa,
1381 537 1476 579 quae
1510 518 1568 566 est
1594 536 1990 572 monumentorum
2019 526 2070 573 de
2097 526 2334 576 encaustica

130 579 340 643 scriptura
367 583 810 627 commemorantium
851 584 1053 644 penuria,
1108 584 1473 643 animadvertisse,
1526 584 1699 634 solenne
1728 581 1877 647 fuisse,
1924 608 1973 638 ut
1999 593 2053 639 ad
2085 610 2178 640 eam
2209 595 2331 642 color

126 664 380 709 purpureus
409 664 510 693 cum
543 648 676 693 literis
711 651 849 694 aureis
893 652 1194 709 argenteisque
1220 649 1519 708 adhiberetur,
1577 654 1694 699 unde
1730 657 1858 703 etiam
1889 655 2078 716 sagium,
2128 675 2199 717 ut,
2254 661 2335 708 ubi

129 713 285 760 deflere
314 715 457 760 literas
488 715 681 769 inurere,
736 713 883 774 ipsum
910 731 1121 774 purpurae
1160 716 1360 760 colorem
1396 716 1583 762 encausti
1617 734 1758 766 tamen
1806 727 1985 771 nomine
2023 725 2332 787 insigniverint.

127 783 232 828 Fuit
249 796 352 826 vero
376 781 445 826 ille
465 779 570 826 adeo
597 777 709 825 sacer
725 779 919 831 habituS,
956 795 1004 825 ut
1035 784 1321 840 imperatores
1340 781 1808 844 Constantinopolitani
1828 787 1906 835 sub
1935 807 2064 850 poena
2091 793 2330 853 prohibue-

90 848 93 849 ’
125 845 234 901 ri'nt,
285 864 338 892 ne
366 848 463 906 quis
505 861 660 906 praeter
687 843 833 900 ipsOS‚
892 848 934 889 in
958 843 1287 903 subscribendo,
1350 846 1547 894 encausto
1582 850 1649 895 vel
1677 853 1825 898 colore
1851 871 2082 916 purpureo
2119 872 2330 908 uteretur.

126 913 264 976 Qod
286 929 460 973 quoque
484 912 536 958 ab
559 912 683 956 initio
703 909 776 957 alii
805 910 905 956 libri
936 910 1021 957 hoc
1056 929 1286 973 purpureo
1314 913 1470 960 chartae
1495 916 1726 975 pigmento
1762 922 1993 980 aureisque
2017 922 2152 968 literis
2176 922 2330 985 scripti

124 995 214 1024 non
235 975 423 1034 fuerint,
456 994 586 1037 quam
627 973 741 1021 sacra
761 976 925 1033 Biblia‚
950 976 1124 1024 testatur
1147 994 1185 1027 κ.
1209 977 1474 1041 Bonifacius
1495 984 1577 1041 Ep.
1607 989 1684 1037 28.
1717 983 1771 1029 ad
1804 986 2138 1053 Ew'burgum,
2189 990 2331 1037 Abba·

123 1042 260 1090 tiffam
276 1077 287 1096 ,
319 1044 437 1104 apud
457 1041 775 1091 Mabillomum
789 1077 802 1102 ,
839 1043 892 1089 de
911 1060 957 1089 re
980 1043 1263 1104 diplomatica
1292 1063 1339 1107 p.
1359 1060 1443 1105 43.
1465 1047 1649 1094 Solenne
1668 1050 1799 1096 etiam
1821 1051 1908 1098 hoc
1927 1050 2174 1115 scriptionis
2194 1071 2331 1116 genus

122 1107 272 1166 fuisse,
302 1107 477 1155 testatur
502 1109 809 1173 H.·ervnymus
835 1111 880 1155 in
900 1105 1099 1159 Praefsad
1115 1110 1337 1160 Hiobum.
1405 1111 1650 1173 Habeant,
1690 1116 1856 1176 inquit,
1898 1122 1977 1182 qui
1993 1120 2173 1180 volunt,
2215 1133 2333 1170 vete·

122 1191 197 1224 res
229 1171 391 1231 libros,
427 1176 497 1225 vel
520 1178 566 1224 in
591 1175 865 1223 membranis
879 1181 1129 1241 purpureis
1147 1194 1262 1226 auro
1287 1192 1560 1244 argentoque
1587 1179 1845 1247 desitriptos,
1880 1186 1952 1233 vel
1966 1186 2243 1246 uncialibus,
2278 1198 2329 1237 ut

120 1244 256 1307 vulgp
275 1245 426 1300 aiunt,
458 1242 627 1298 literis,
664 1258 800 1290 onera
824 1246 975 1308 magis
991 1256 1214 1301 exarata,
1248 1260 1382 1308 quam
1403 1249 1590 1302 codices,
1625 1246 1862 1299 dummodo
1880 1249 1993 1301 milu'
2010 1256 2202 1320 meisque
2221 1270 2329 1320 per·

118 1316 323 1365 mistam,
374 1325 602 1373 pauperes
644 1306 801 1356 babere
823 1306 1090 1368 schedulas,
1125 1313 1176 1358 δ’
1201 1325 1287 1356 non
1316 1321 1413 1358 tam
1441 1313 1628 1374 pulcros
1656 1314 1848 1373 codices,
1883 1334 2018 1382 quam
2053 1321 2325 1371 emendatos.

119 1372 327 1421 Conferri
359 1389 552 1419 meretur
567 1375 655 1433 jam
677 1372 814 1416 modo
832 1372 1028 1418 laudatus
1051 1371 1373 1432 Mabz'llonius,
1407 1378 1478 1422 cui
1499 1374 1702 1440 subjungi
1726 1379 1926 1441 possunt,
1970 1401 2066 1444 quae
2093 1385 2225 1433 habet
2250 1389 2326 1434 Du

117 1440 286 1490 Fresne
305 1441 347 1483 in
367 1435 553 1484 Gloffar‚
584 1439 674 1485 Lat.
702 1452 741 1482 v.
779 1433 955 1484 Charta
980 1454 1232 1503 purpurea.

321 1505 371 1548 In
400 1501 646 1548 borealibus
673 1498 786 1547 hisce
805 1503 944 1563 plagis
961 1503 1102 1550 visum
1124 1502 1246 1551 fuisse
1273 1504 1437 1553 librum
1464 1507 1754 1565 plenarium,
1789 1512 1855 1557 uti
1882 1512 2141 1571 vocabatur,
2189 1533 2214 1564 a
2247 1519 2324 1565 Pa-

114 1569 303 1620 triarcha
321 1567 648 1629 Constantinop.
678 1567 880 1633 Sigurdo
901 1571 1007 1631 Regi
1028 1571 1188 1618 Norw.
1211 1572 1333 1618 dono
1360 1572 1534 1629 datum,
1570 1574 1764 1621 &literis
1784 1580 1923 1624 aureis
1951 1596 2192 1640 exaratum,
2232 1600 2323 1630 me-

115 1638 270 1686 moriae
295 1634 524 1696 proditum
544 1634 719 1694 reliquit
738 1634 1038 1700 Sturlejfimius
1058 1639 1103 1683 in
1122 1639 1216 1684 eius
1239 1639 1340 1685 vita.
1408 1642 1473 1685 Ex
1501 1637 1618 1687 hisce
1653 1641 1786 1698 adeo,
1833 1661 1930 1703 quae
1956 1646 2046 1706 jam
2075 1646 2188 1696 ἆὶίὶε
2215 1648 2323 1707 sunt,

117 1702 187 1751 sed
220 1702 362 1748 multo
405 1698 564 1747 melius
591 1718 638 1746 ex
670 1698 938 1762 inspestione
968 1702 1099 1765 ipfius
1131 1705 1293 1752 codicis
1331 1705 1518 1766 patebit,
1563 1705 1859 1755 -encausticam
1893 1709 2155 1773 scripturam
2197 1732 2324 1776 pera-

116 1767 232 1817 Ham
249 1765 374 1814 fuisse
393 1784 513 1829 paene
532 1767 584 1814 ad
606 1768 792 1814 eundem
819 1769 1030 1830 modum,
1061 1788 1152 1830 quo
1179 1770 1423 1833 bibliopegi
1451 1772 1588 1820 libros
1607 1774 1743 1820 titulis
1772 1792 1952 1826 ornantx
1998 1779 2040 1825 ὅ(
2073 1780 2176 1828 hinc
2213 1781 2323 1829 adeo

117 1835 691 1894 animadvertimus,‘quam
716 1851 859 1895 prope
887 1837 1181 1883 remotiffimis
1207 1839 1484 1899 temporibus
1515 1857 1537 1886 a
1567 1842 1873 1903 typographiae
1892 1844 2068 1892 invento
2089 1844 2322 1901 abfuerint.

322 1903 374 1947 11.
410 1900 545 1965 Qiod
580 1901 733 1946 deinde
768 1899 1115 1960 observavimus,
1145 1904 1189 1949 id
1218 1900 1326 1960 fuit,
1365 1905 1562 1952 codicem
1598 1906 1716 1953 hunc
1748 1907 2024 1956 bibliothecae
2063 1912 2217 1961 nostrae
2258 1931 2322 1960 ar-

115 1982 341 2032 genteum,
375 1983 488 2024 non,
523 1967 645 2027 quod
667 1968 792 2013 multi
812 1968 1109 2025 crediderunt,
1168 1969 1298 2032 ipfius
1317 1971 1614 2032 metaphrastae
1643 1990 1777 2020 manu
1797 1991 2018 2023 exaratum
2055 1975 2180 2026 fuisse
2192 2016 2205 2038 ,
2246 1977 2320 2026 sed

112 2038 311 2094 aliquoto
331 2048 532 2093 tempore
550 2031 643 2095 ipso
663 2034 910 2080 citeriorem
937 2034 1031 2085 effe.
1097 2037 1228 2083 Unde
1248 2038 1293 2083 id
1322 2035 1662 2093 confecerimus,
1716 2041 1859 2088 dicam
1885 2045 2051 2103 paucis.
2129 2048 2178 2091 In
2208 2063 2319 2093 mar·

113 2103 213 2164 gine
239 2096 414 2162 praefert
431 2100 546 2146 haud
565 2117 656 2146 uno
682 2102 725 2145 in
754 2100 855 2147 loco
885 2104 1020 2148 varias
1053 2101 1285 2163 leffmnes,
1329 2120 1426 2163 quae
1454 2104 1688 2152 consistunt
1718 2107 1764 2152 in
1793 2107 1975 2154 vocibus
2002 2112 2319 2173 aequipollenti-

111 2169 217 2221 bus,
251 2183 433 2224 quaeque
462 2166 635 2211 aliunde
657 2167 887 2225 provenire
909 2185 995 2214 non
1021 2185 1230 2229 potuere,
1265 2187 1397 2229 quam
1421 2188 1468 2216 ex
1490 2173 1720 2219 collatione
1747 2175 1971 2221 variorum
2001 2179 2315 2239 exemplarium
2363 2214 2365 2216 -

113 2232 288 2293 qualern
310 2229 590 2280 collationem
609 2228 700 2289 ipse
718 2230 924 2276 versionis
940 2232 1094 2280 austor
1113 2234 1331 2280 instituere
1350 2253 1437 2281 non
1459 2240 1620 2295 potuit.
1698 2237 1853 2285 Miror
1871 2241 2046 2288 nullum
2091 2244 2315 2291 editorum

110 2299 187 2346 has
207 2297 345 2342 varias
372 2292 578 2340 leOciones
604 2293 677 2341 sua
703 2296 1068 2344 animadversione
1096 2299 1246 2360 dignas
1279 2298 1505 2358 censuisse,
1550 2318 1692 2361 quum
1719 2318 1862 2349 tamen
1890 2304 2044 2366 singuli
2071 2325 2139 2354 eas
2169 2309 2313 2356 videre

107 2363 351 2412 debuerint-
420 2361 767 2424 Qatuordecim
784 2363 1004 2409 eiusmodi
1031 2366 1357 2412 numeravimus
1376 2366 1471 2413 loca
1489 2370 1628 2422 varia,
1664 2385 1782 2428 quae,
1816 2385 1865 2418 ut
1885 2387 1975 2418 uno
1994 2372 2155 2423 obtutu
2183 2378 2231 2424 B.
2260 2377 2314 2424 L.

108 2427 395 2489 contemplari
417 2425 566 2488 possit,
598 2428 716 2485 heic,
747 2425 978 2495 Sethergii
1000 2429 1135 2477 nostri
1153 2448 1257 2477 cura
1273 2430 1475 2490 colleEia‚
1502 2431 1704 2481 subdam:

99 2497 255 2548 ‘Marci
287 2494 330 2551 1,
366 2497 409 2541 6⁴
451 2495 496 2539 in
520 2509 660 2540 textu:
693 2491 983 2561 haithiwtjk,
1017 2498 1064 2543 in
1091 2500 1310 2559 margine:
1346 2499 1505 2550 wilthi.

382 2576 399 2607 ι
418 2576 458 2608 ι.
477 2561 522 2605 in
543 2575 678 2607 textu:
713 2565 760 2608 in
778 2559 930 2611 thuzei
945 2563 1373 2630 zisailagalezkaida,
1417 2567 1460 2612 in
1484 2583 1624 2629 marg.
1653 2563 1764 2616 tbuk
1791 2569 1831 2617 ei
1851 2567 2009 2621 wilda.

303 2628 369 2682 V,
402 2642 448 2686 4.
483 2628 528 2671 in
545 2642 682 2674 textu:
709 2626 968 2692 gatamjan,
999 2631 1045 2676 in
1063 2633 1283 2693 margine:
1315 2630 1564 2698 g'abtndan.

300 2695 404 2749 XII,
438 2706 519 2753 24.
554 2695 598 2739 in
619 2708 758 2739 textu:
793 2697 929 2753 mela,
971 2697 1018 2742 in
1046 2714 1187 2759 marg,
1215 2696 1364 2749 bokos.

104 2763 234 2813 Lucae
302 2758 390 2816 111,
448 2771 520 2818 14.
556 2760 601 2804 in
630 2764 771 2811 textu:
798 2760 1039 2821 waldaitlz,
1074 2766 1121 2810 in
1138 2767 1357 2827 margine:
1387 2764 1642 2833 ganohidai
1651 2766 1820 2837 stjuth.

305 2828 369 2882 V,
405 2832 483 2882 28,
516 2826 561 2871 in
591 2840 729 2872 textu:
763 2827 914 2892 iddja,
952 2831 998 2876 in
1028 2847 1167 2892 marg.
1201 2831 1395 2898 laistida.

304 2893 390 2953 VI,
424 2906 508 2954 27.
542 2893 589 2941 in
607 2906 741 2943 textu:
762 2895 1025 2965 fijandam,
1069 2899 1116 2944 in
1142 2914 1282 2961 marg.
1313 2897 1597 2965 hatjandam.
1915 2920 1920 2926 ¹
2138 2938 2142 2939 ν

1128 2968 1169 3014 Α
1207 2979 1231 3025 3
2171 2974 2302 3022 Lucae
