2473 3380
909 118 1233 173 LUCAE.

66 246 108 295 7.
143 228 403 295 wg'ffideina.
415 226 478 294 f)
525 230 586 278 St.
611 226 896 280 wissedeinna.

68 312 144 363 ιφ.
174 297 378 364 gebeina.
433 300 493 347 St.
514 295 691 358 gebena.

56 365 118 414 ib.
151 363 550 430 usbliggvandam.
618 366 680 412 St.
703 363 1064 426 usbligguandan.

60 430 243 542 Irikjah
287 428 497 477 anaaiauk
538 426 711 492 sandjan
762 429 1024 481 antharana
1059 432 1115 497 g)

183 496 267 546 alk.

64 575 135 624 13.
171 559 312 624 sandja
334 559 446 608 sunu
473 566 681 612 meinana
708 560 769 627 h)

61 631 134 675 16.
168 630 364 689 quethun
391 629 512 678 than.
547 635 619 677 nis
634 630 755 695 fijai.
777 629 850 690 ss)

57 707 137 744 20.
174 693 506 742 insandidedum
536 692 704 760 ferjans.
740 696 866 741 thans
889 711 943 743 us
961 693 1117 743 liutein

21 814 24 817 .
118 760 440 824 taiknjandans
461 761 502 823 i)
536 760 604 810 fik
632 762 877 823 garaihtans
905 758 1049 806 wisan.

53 838 136 877 22.
173 826 349 878 Skuldu
373 827 421 889 k)
456 826 507 874 ist
525 826 640 875 unfis
667 825 830 891 kaisara
855 826 948 888 gild
967 826 1116 888 giban.

56 906 131 952 24.
170 895 396 956 ataugeith·
416 900 501 942 mis
520 895 562 954 l)
596 891 730 941 skatt.

55 968 131 1009 26.
162 960 529 1021 sildaleikjandans
556 957 865 1006 andawaurde
891 959 961 1018 m)
994 960 1049 1009 is.

52 1033 129 1081 28.
168 1028 207 1073 ei
226 1027 361 1072 nimai
381 1026 561 1071 brother
590 1028 629 1072 is
656 1022 709 1085 n)
738 1025 818 1069 tho
847 1041 979 1083 quen.

54 1105 135 1152 35.
169 1092 234 1137 ith
259 1089 399 1139 thaiei
424 1092 468 1150 ο)
498 1090 693 1135 wairthai
720 1089 812 1136 find
843 1091 970 1154 jainis
998 1091 1117 1139 aiwis

117 1161 275 1206 niutan
299 1157 373 1220 jah
402 1153 635 1224 usflaffizis.
656 1158 712 1220 p)

11 1280 16 1284 .
53 1230 134 1285 36.
168 1225 390 1289 aggilum.
459 1227 519 1269 St.
541 1223 760 1287 angilum.
798 1222 845 1284 q)

52 1303 133 1353 37.
165 1289 346 1336 aththan
374 1288 506 1334 thatei
533 1286 752 1334 urreisand
781 1286 1010 1336 dauthans.
1041 1286 1115 1348 jah

118 1353 259 1402 moses
284 1353 496 1403 banwia'a
517 1351 568 1416 *)
587 1371 666 1399 ana
690 1353 1003 1414 aiqhatundjai.
1034 1351 1115 1398 swe

89 1525 148 1581 f)
172 1541 206 1565 v.
232 1525 352 1576 Supra
380 1537 415 1563 c.
446 1538 480 1571 2,
508 1536 577 1572 43.

1191 1422 1295 1467 L2

1297 120 1426 175 XX·
1753 187 1766 204 ,
2203 133 2267 186 83

1200 246 1246 294 7.
1277 231 1523 281 Nescit-enti

1206 313 1284 349 ιο.
1318 299 1483 350 darent.

1197 365 1257 413 ib.
1291 366 1587 427 FlagellanteS.

1201 447 1218 478 1
1234 446 1276 482 1.
1313 434 1369 479 Et
1387 431 1555 480 addidit
1581 431 1752 478 mittere
1773 428 1961 478 alterum
1982 429 2170 484 servum.

1200 577 1276 624 13.
1313 561 1497 610 Mittam
1516 561 1658 610 filium
1679 579 1853 613 meum.

1199 634 1278 677 16.
1315 630 1533 675 Dixerunt
1564 644 1735 679 autemt
1770 629 1889 680 absit.

1194 707 1276 744 20.
1311 692 1529 740 Miserunt
1567 693 1833 743 insidiatores
1862 713 1912 743 ex
1939 695 2047 745 dolo
2077 695 2261 746 ostensu-

1260 777 1335 807 ros
1364 758 1405 806 se
1428 758 1562 806 iustos
1589 758 1688 809 esse.

1194 837 1275 876 22.
1308 828 1499 887 Oportet
1525 842 1606 871 nos
1627 824 1783 872 Caesari
1807 826 2024 875 tributum
2061 827 2205 878 dare?-

1195 908 1277 954 24.
1313 890 1539 937 Ostendite
1569 891 1682 936 mihi
1709 907 1962 950 nummum.

1196 966 1274 1010 26,
1310 959 1464 1005 Mirati
1493 954 1750 1017 responsum
1782 959 1891 1008 eius.

1196 1032 1275 1079 28.
1312 1028 1376 1072 Ut
1405 1024 1534 1070 ducat
1560 1019 1693 1069 frater
1720 1024 1813 1069 eius
1839 1028 2032 1077 uxorem?
2049 1024 2186 1075 illam.

1197 1106 1275 1153 35.
1311 1090 1395 1138 Sed
1438 1091 1518 1150 qui
1553 1089 1678 1150 digni
1720 1104 1849 1135 erunt
1889 1089 2076 1139 alterum
2117 1107 2263 1141 aevum

1262 1154 1492 1216 consequi,
1528 1156 1571 1203 ὅ(
1612 1152 1991 1205 resurreffloncm.

1196 1230 1270 1281 36.
1305 1222 1504 1283 Angelis.

1195 1303 1272 1352 37.
1308 1289 1483 1335 Verum
1507 1287 1629 1347 quod
1650 1284 1872 1348 resurgent
1901 1289 2094 1345 mortui,
2129 1290 2263 1337 etiam

1258 1351 1414 1400 Moses
1442 1354 1648 1400 indicavit
1676 1354 1723 1398 in
1749 1353 1889 1410 rubo,
1922 1368 1972 1399 ut
1993 1354 2120 1402 dicit:
2157 1356 2264 1403 Vidi

2167 1437 2263 1479 qui-

95 1599 140 1655 g)
167 1599 202 1652 J.
224 1599 257 1638 8(
277 1599 329 1638 St.
347 1596 546 1645 antharan,
573 1609 695 1637 errore
713 1594 939 1650 typothetae,
975 1607 1011 1634 v.
1032 1605 1066 1635 c.
1089 1591 1149 1641 16,
1174 1605 1235 1641 13.
1252 1593 1286 1633 8(
1308 1593 1477 1646 Specim.
1496 1592 1613 1636 Gloss‘.
1634 1592 1755 1648 Ulph.

104 1674 146 1725 h)
171 1673 293 1712 Iidem
308 1674 496 1720 meinama,
525 1671 633 1724 quod
655 1671 766 1710 nihili
784 1670 849 1712 est.
874 1667 1073 1721 v0Hickefi'i
1093 1666 1222 1709 Gram.
1241 1667 1330 1710 edit.
1349 1669 1390 1708 in
1408 1678 1486 1717 4to.
1511 1682 1552 1721 p.
1566 1668 1628 1708 26.
1649 1669 1689 1706 in
1707 1679 1830 1719 marg.

102 1744 165 1796 W)
190 1743 252 1782 Sic
268 1742 403 1783 Codex
426 1746 590 1795 Argent.
620 1741 734 1782 habet
749 1771 759 1789 ‚
797 1741 914 1794 idque
939 1755 1006 1794 per
1032 1739 1380 1781 conformationem
1407 1740 1509 1780 vocis
1533 1737 1780 1792 praecedentis
1806 1748 1897 1777 cum
1920 1735 2108 1791 sequentis
2137 1738 2261 1783 initio.

147 1796 340 1848 Exempla
356 1794 490 1835 fimilia
510 1795 656 1835 videbis
671 1796 712 1834 in
730 1795 879 1846 Fragm.
910 1793 1018 1847 Ulpii.
1047 1793 1096 1832 ad
1121 1796 1233 1833 Rom.
1260 1805 1318 1841 12,
1337 1806 1378 1842 4.

101 1852 132 1904 ί)
159 1849 261 1888 Editi
281 1847 454 1901 ustmigein
471 1847 737 1900 taiknjandans,
765 1848 874 1888 leffio
893 1845 1093 1891 mendosa,
1119 1859 1238 1899 quam
1253 1856 1341 1885 ante
1363 1858 1457 1894 nos,
1485 1845 1658 1898 elegante
1678 1844 1903 1891 comestura,
1932 1843 2142 1884 tollendam
2159 1844 2261 1886 iussit

164 1900 287 1940 Thom.
308 1899 561 1952 A1arefihallus
576 1902 618 1940 in
635 1899 828 1940 Observat.
846 1914 888 1952 p.
908 1900 995 1945 462.
1014 1898 1141 1938 Habet
1160 1911 1248 1938 vero
1264 1898 1438 1952 Ulphilas
1458 1911 1499 1936 m
1518 1900 1657 1945 liutein,
1688 1896 1755 1937 cas
1775 1896 1979 1947 obliquum
1996 1910 2017 1935 a
2035 1898 2137 1937 recto
2155 1897 2262 1946 liutei,

157 1954 290 2000 dolus,
319 1954 442 1995 Marc.
463 1964 499 2000 7,
521 1967 585 1994 22.
602 1952 707 1993 unde
731 1952 880 2000 limans,
908 1951 963 2004 hy
993 1952 1136 1997 ocritae,
1166 1949 1306 1990 Matth.
1326 1952 1362 1999 6,
1386 1951 1446 1989 16.
1475 1949 1635 2003 Anglos.
1655 1949 1759 2003 lytig,
1788 1949 1951 1996 astums,
1978 1947 2135 2002 lytignes,
2165 1949 2261 1990 astu·

148 2004 237 2054 ‘tiaJ
255 2006 389 2046 cuneta
405 2005 452 2045 ab
469 2006 527 2053 151.
545 2005 645 2054 laeta,
672 2005 805 2048 Sueth.
819 2005 930 2054 laras,
978 2003 1066 2057 ‘ssa'
1095 2002 1229 2045 Germ.
1254 2001 1375 2058 Iaffen,
1400 2002 1588 2044 fimulare.
1614 2002 1683 2044 cfr.
1708 1999 1890 2041 Waehter.
1917 2002 1960 2042 in
1984 2001 2100 2043 Gloss.
2127 2000 2262 2043 Germ.

266 2069 288 2110 9
331 2059 366 2097 8(
392 2057 491 2107 Jun.
520 2058 561 2098 in
577 2071 681 2098 voce.

105 2114 148 2162 k)
165 2114 208 2171 J.
228 2070 264 2169 82(
283 2089 332 2150 ὲ(-
341 2108 377 2161 s
378 2109 467 2170 kald
472 2124 488 2156 ,-
515 2109 644 2162 suffigi
663 2120 792 2151 autem
807 2109 1028 2171 {implexjss
1054 2109 1158 2171 apud
1173 2108 1322 2149 Gothos
1340 2109 1388 2149 ad
1404 2109 1744 2161 interrogationem
1769 2116 1884 2158 atque
1899 2106 2097 2147 interdum
2118 2107 2167 2148 ad
2191 2107 2260 2150 du-

106 2215 136 2268 ι)
156 2162 662 2269 Ὺέῗέῗῗῗέῑιέῗὲῗῗιῗξῗὲῗέ
678 2163 1008 2266 νῖἓξῖἑῖιῗέρὲἒ,
1017 2161 1421 2260 Ρὲῗὲῗὲἑιξᾰέἔῆἱζῗ
1437 2159 1945 2262 Ξξίῗξηῗῗᾶἔῖὲέὲὶῇἓὲ...
1961 2211 2078 2252 (ω...
2094 2208 2260 2262 personae

160 2271 193 2308 8(
213 2264 370 2307 accusat.
391 2266 456 2305 rei.
480 2266 616 2306 Matth.
640 2276 673 2313 8,
692 2279 727 2314 4.
769 2264 890 2307 Marc.
916 2279 949 2307 1.
968 2279 1032 2314 44.

104 2322 162 2362 m]
189 2321 251 2361 Sic
268 2317 416 2360 Gothus
425 2333 437 2366 5
464 2317 602 2359 scilicet
623 2317 843 2372 responsum
859 2317 1025 2358 Gothice
1043 2328 1198 2357 vocatur
1215 2314 1425 2355 andavaurd
1439 2316 1475 2355 8(
1496 2312 1729 2360 andavaurdi,
1752 2322 1797 2352 ut
1816 2311 2029 2357 obsti-vatur
2045 2313 2087 2353 in
2102 2314 2198 2356 Dim
2211 2315 2261 2357 de

160 2370 351 2412 nominibus
362 2375 415 2411 M.
429 2371 628 2413 Gothorum
644 2372 682 2423 ᾗ.
692 2373 732 2415 6.
743 2374 830 2412 Hoc
848 2384 937 2412 vcro
956 2371 1149 2423 genitivus
1167 2370 1221 2423 pl.
1232 2368 1285 2409 est
1303 2381 1422 2422 quem
1437 2381 1568 2421 regere
1586 2367 1677 2408 solet
1693 2365 1853 2406 verbum
1858 2363 2028 2418 fildaleck
2023 2366 2108 2415 jan.
2124 2381 2163 2411 v.
2175 2368 2259 2419 Lye.

160 2427 331 2465 Gramm.
347 2438 385 2476 p.
406 2426 505 2466 LIX.

107 2478 152 2529 u)
179 2477 303 2518 Codd.
331 2491 440 2530 graec.
460 2473 520 2515 ἳνα
544 2471 640 2522 λίβη
663 2478 683 2515 0·
709 2473 873 2528 stupa.-
901 2475 1036 2526 a’vvb'v,
1065 2489 1086 2517 a
1111 2474 1252 2529 quibus
1277 2460 1441 2516 minime
1464 2471 1633 2515 diffentit
1656 2469 1817 2521 Noster,
1844 2471 1908 2511 cui
1922 2470 2022 2512 male
2038 2465 2259 2514 abiudicant

158 2530 255 2570 editi
279 2543 496 2583 pronomen
511 2533 552 2570 is.

108 2583 144 2634 ο)
170 2586 210 2636 J.
233 2584 268 2622 8(
286 2584 340 2623 St.
357 2582 475 2623 thatei.
494 2584 675 2623 Diximus
690 2582 738 2622 ad
758 2596 790 2624 c.
811 2593 871 2631 xo,
893 2595 955 2629 30.

99 2640 152 2689 p)
175 2635 285 2676 ReE'ce
295 2634 430 2675 Codex
437 2632 548 2674 Msst.
562 2637 596 2675 8(
614 2638 643 2674 Β
677 2648 769 2675 nam
789 2635 1000 2688 pra-cedens
1017 2633 1180 2675 verbum-
1197 2633 1356 2685 requirit
1365 2632 1523 2684 genitiv.
1539 2645 1621 2671 non
1641 2630 1719 2673 dat.
1731 2629 1791 2670 vel
1807 2625 2135 2684 ablativ.usstaffixi‚
2152 2640 2198 2670 ut
2206 2630 2255 2671 le.

161 2698 261 2742 gunt
274 2690 310 2742 J.
334 2689 370 2727 8(
386 2690 444 2730 Ξῖ.
470 2690 529 2729 De
548 2691 674 2726 niutan
690 2702 801 2741 pon-o
818 2688 1070 2735 observamus,
1088 2686 1194 2739 quod
1212 2687 1317 2726 idem
1332 2683 1378 2724 fit
1395 2698 1439 2724 ac
1456 2683 1630 2724 nostium
1647 2683 1759 2735 ry'uta,
1777 2681 1951 2729 nancisci,
1969 2682 2029 2723 Isl.
2049 2683 2156 2729 niota,
2173 2686 2256 2723 An·

158 2740 250 2795 glos.
269 2742 408 2789 uotiua,
443 2742 581 2790 nyttian
599 2742 673 2781 ἃς.
730 2754 768 2783 v.
787 2740 930 2780 Wacht.
954 2742 968 2779 l
999 2754 1027 2779 c.
1047 2754 1138 2780 voce
1155 2737 1294 2792 nieffien:
1321 2747 1434 2790 atque
1450 2738 1544 2777 adeo
1562 2736 1711 2776 differat
1736 2748 1757 2773 a
1782 2734 1945 2774 Gothico
1975 2745 2088 2772 nuum
2111 2734 2258 2787 piscari.

158 2798 194 2836 8(
218 2795 369 2848 proprie
386 2794 457 2833 reti
472 2807 602 2846 capere
619 2791 755 2845 pisces,
781 2793 1125 2836 undenostratibus
1145 2805 1233 2839 net,
1257 2803 1338 2838 not,
1365 2801 1463 2839 rete,
1490 2791 1595 2842 Belg.
1612 2800 1722 2836 nette,
1747 2787 1870 2840 Angl.
1889 2798 1967 2835 net,
1988 2786 2117 2829 Alam.
2136 2801 2253 2836 neme,

158 2845 316 2901 Anglos.
335 2858 426 2893 nett,
455 2858 529 2896 rgyt.
583 2847 643 2885 Isl.
668 2858 813 2894 nootur,
839 2847 908 2885 ἃς.
935 2861 969 2886 ν.
997 2846 1094 2886 Edit.
1123 2846 1233 2884 Benz.
1257 2858 1297 2896 p.
1325 2856 1408 2884 121.

106 2902 146 2952 q)
172 2904 283 2940 Hanc
300 2899 440 2938 librarii
456 2899 645 2938 incuriam
662 2897 790 2951 saepius
809 2901 1040 2940 notavimus.
1095 2913 1134 2940 v.
1158 2899 1313 2937 interim
1329 2898 1371 2937 'c.
1393 2908 1431 2941 1,
1448 2894 1510 2941 64.

105 2954 221 3003 ')‘Ita
238 2949 358 2994 codex
378 2951 513 3002 habet,
543 2953 611 3005 qui
627 2953 712 2992 alias
728 2950 873 3005 semper
889 2951 1076 2992 bandwian
1091 2951 1272 3004 scriptum
1297 2948 1433 2989 habere
1450 2947 1550 2988 solet.
