2473 3380
292 90 398 153 DE
433 95 690 152 CODICE
725 97 1038 152 ARGENT.
1071 88 1179 154 ΕΤ
1200 97 1569 153 LITTERAT.
1597 97 2058 156 MOESOGOTH.
2159 110 2266 163 '¹91

65 210 107 276 in
127 207 315 275 andhof.
345 209 434 275 Qu,
453 211 497 257 in
516 209 665 276 quam,
684 208 800 277 Joh.
827 227 846 261 1
863 227 898 271 t,
924 228 1000 272 39.
1023 212 1073 271 S,
1095 215 1136 259 in
1138 212 1307 281 stibna,
1327 213 1436 264 Luc.
1462 226 1503 273 3,
1521 228 1572 276 4.
1600 211 1686 273 Th,
1709 215 1754 260 in
1773 211 1959 273 thanah,
1976 211 2094 283 Joh·
2115 220 2159 273 6,
2185 215 2269 266 6o·

66 277 105 324 ἃ
131 291 211 334 11,
249 286 326 339 38.
361 278 425 334 V,
444 279 489 322 in
510 277 664 334 earth,
699 279 813 328 Luc.
837 294 888 337 a,
930 295 971 329 1.
1006 281 1124 329 Nin
1149 277 1242 338 nih,
1279 278 1454 329 Matth.
1473 286 1527 337 6,
1564 296 1643 342 3¹›

196 344 246 388 In
273 361 426 404 genere
447 342 717 403 observetur,
751 345 828 391 has
850 346 1101 407 vulgaribus
1119 345 1254 406 duplo
1275 343 1368 392 fere
1387 348 1574 392 maiOres
1594 345 1675 393 esse
1687 382 1701 406 ,
1736 344 1809 394 sed
1827 347 1885 393 ita
1904 360 2070 407 tamen,
2103 362 2153 396 ut
2168 349 2268 396 mo?

62 408 171 456 dulo
194 427 282 456 non
303 426 462 470 parum
479 412 590 457 inter
608 409 690 458 sese
712 409 938 467 differant,
974 413 1015 458 δ(
1034 428 1237 473 praeterea
1263 411 1445 474 pigiurae
1474 413 1683 475 elegantia
1711 413 1754 461 ὅ(
1783 412 2038 477 symmetria
2064 415 2175 460 adeo
2203 432 2268 462 ce·

62 475 164 522 dant
185 474 436 533 ordinariis,
471 493 516 524 ur
533 495 728 539 negareS‚
764 479 935 525 easdem
958 478 1012 525 ab
1039 479 1187 524 eadem
1218 495 1352 525 manu
1378 477 1458 524 esse
1486 476 1725 540 profeEiaS.
1791 483 2000 526 Praeterea
2030 480 2166 527 nullas
2186 482 2265 526 im·

58 538 283 604 preffionis
301 557 424 588 notas
452 544 596 590 inillis
615 544 997 597 animadverteres,
1030 543 1176 589 nullos
1195 541 1359 601 sulcos,
1392 545 1503 590 nihil
1528 545 1582 592 ab
1608 544 1748 592 aversa
1779 561 1903 607 parte
1932 548 2136 602 convexi,
2171 562 2267 605 quae

59 623 202 655 tamen
221 609 371 655 omnia
391 626 443 654 eo
463 608 756 657 manifestiora
783 613 829 656 in
849 611 934 656 illis
961 607 1041 655 esse
1065 609 1288 669 decerent,
1323 627 1414 671 quo
1443 608 1542 657 sunt
1569 612 1846 673 grandiores,
1880 611 1945 673 ὅτ,
1976 628 2130 675 utpote
2151 627 2267 660 extra

55 674 259 723 ordinem
279 673 446 736 pofitae,
479 679 752 723 extantioreS.
1711 677 1730 710 ,⁸

185 744 437 802 Sequuntur
468 742 641 800 ordine,
685 759 789 804 quas
816 739 1013 801 vulgares
1042 740 1086 788 &
1119 758 1379 789 communes
1406 743 1625 804 appellare
1650 743 1795 807 soleo,
1846 745 2095 809 quibusque
2125 757 2265 794 textus

55 807 275 855 Gothicus
296 806 518 854 universus
540 824 730 855 exaratus
750 806 822 855 est.
890 809 1063 853 Litterae
1090 807 1181 866 hae,
1216 808 1245 855 fi
1272 806 1467 854 formam
1494 807 1682 870 speeies,
1714 812 1823 859 adeo
1850 812 1949 860 sunt
1977 815 2191 876 elegantes
2221 813 2266 862 &

52 874 223 931 nitidae,
250 873 357 920 adeo
379 876 508 921 ctiam
525 874 577 920 ab
599 876 724 920 initio
747 874 801 921 ad
819 872 952 919 finem
970 875 1084 919 inter
1101 872 1142 919 se
1164 874 1346 930 similes,
1379 889 1427 920 ut
1446 875 1605 922 merito
1625 878 1739 923 mibi
1758 879 1908 925 videar
1925 878 2163 936 coniecisse,
2190 880 2267 926 ali·

51 957 143 1001 quo
164 938 453 1000 impressionis
479 938 660 986 artifieio
691 941 840 1001 potius
871 957 1002 998 quam
1033 940 1189 986 calami
1216 938 1353 986 duffiu
1380 940 1475 987 illas
1506 940 1756 990 efformatas
1787 940 1884 993 esse.
1953 943 2034 991 Uti
2053 947 2265 1004 codicem,

52 1024 141 1066 qua
157 1007 576 1068 potuiaccuratione
598 1006 858 1062 exanimati,
893 1007 950 1051 ita
971 1007 1116 1052 inveni
1143 1004 1369 1065 equidem,
1405 1025 1458 1053 ne
1487 1008 1595 1068 quid
1624 1008 1912 1064 diffimulem,
1947 1010 2020 1057 hic
2044 1011 2130 1057 illic
2156 1010 2266 1057 litte-

50 1090 141 1129 ras,
177 1089 298 1132 quae,
334 1089 435 1119 cum
455 1073 603 1118 ceteris
622 1086 906 1133 comparatae,
941 1070 1130 1132 aliquem
1150 1071 1334 1119 duginna
1358 1091 1380 1119 a
1404 1076 1552 1120 ceteris
1576 1072 1892 1138 discrepantem
1910 1077 2091 1136 habent,
2124 1075 2197 1123 sed
2219 1075 2267 1123 id

48 1138 101 1186 ab
122 1137 355 1201 hypothesi
372 1156 467 1185 mea
488 1155 557 1184 me
581 1156 669 1185 non
692 1137 895 1185 dimovit.
963 1138 1196 1185 Probabile
1222 1141 1340 1185 enirn
1374 1138 1456 1197 est,
1488 1140 1742 1200 librarium,
1776 1158 2007 1203 antequam
2036 1160 2151 1205 opus
2176 1143 2266 1191 hoe

47 1205 377 1267 aggrederetur,
411 1206 560 1266 plures
580 1205 633 1251 ad
657 1222 810 1251 manus
830 1202 1026 1250 habuiffe
1046 1220 1201 1268 typos,
1237 1207 1341 1265 qui,
1374 1205 1405 1252 fi
1425 1207 1534 1266 quid
1555 1205 1752 1254 diffimile
1779 1208 2033 1266 habuerint,
2063 1210 2108 1256 id
2133 1206 2263 1257 fabro
2284 1226 2287 1227 ’

47 1288 140 1320 non
165 1288 268 1317 vero
295 1271 477 1318 librario
505 1271 676 1319 videtur
706 1268 1021 1331 affignandum0
1090 1274 1135 1317 Si
1155 1288 1260 1318 vero
1282 1269 1395 1332 ipsas
1425 1273 1586 1320 litteras
1611 1275 1882 1334 intueamur,
1915 1293 2081 1323 novum
2115 1275 2195 1323 illae
2218 1275 2265 1324 &

47 1354 138 1386 non
158 1338 249 1384 leve
271 1354 547 1384 momentum
568 1335 826 1384 conieffiurae
857 1337 962 1382 huie
991 1336 1165 1385 addent.
1234 1339 1391 1384 Mulrae
1418 1341 1536 1385 enim
1567 1340 1738 1387 illarum
1770 1343 1828 1388 ita
1855 1357 2028 1388 exaratae
2056 1340 2177 1400 sunt,
2212 1355 2265 1399 ut

46 1403 246 1467 partibus
274 1402 466 1451 discretis
488 1400 700 1460 constent,
737 1420 833 1462 quae
862 1399 1018 1448 iunffiae
1046 1403 1234 1449 litteram
1264 1403 1542 1452 constituunt.
1607 1408 1671 1452 Ita
1701 1424 1929 1468 nunquam
1957 1412 1984 1454 S
2009 1425 2099 1455 uno
2126 1406 2265 1455 dustu

45 1468 290 1519 formatum
322 1487 489 1530 cernes,
518 1468 603 1517 ‘sed
631 1484 870 1529 utrumque
901 1485 1062 1525 cornu,
1103 1467 1305 1530 superius
1334 1470 1377 1515 ὅ(
1406 1467 1589 1517 inferius
1621 1489 1644 1518 a
1670 1470 1748 1519 suo
1783 1491 1971 1537 corpore
2002 1472 2263 1537 separatum.

41 1538 205 1585 Littera
226 1537 273 1586 E
291 1538 337 1582 in
356 1538 544 1583 eundem
565 1537 754 1583 modum
772 1533 1021 1595 supremam
1056 1533 1194 1585 ‚tegam
1220 1553 1246 1581 a
1272 1534 1352 1583 suo
1380 1534 1651 1586 semicirculo
1680 1537 1924 1600 separatum
1957 1540 2119 1599 habet,
2136 1541 2179 1589 ἃ
2205 1540 2262 1590 fic

45 1605 93 1652 in
122 1603 230 1650 aliis.
289 1607 338 1649 In
366 1606 516 1650 ceteris
543 1620 648 1649 vero
681 1602 888 1648 omnibus
917 1601 1077 1662 linguis
1096 1600 1316 1659 videmus,
1350 1601 1575 1662 librarios,
1612 1621 1827 1665 quantum
1855 1606 1949 1654 fieri
1968 1609 2140 1670 potuit,
2170 1625 2263 1656 uno

43 1671 200 1717 calami
220 1668 356 1716 dufiiu
377 1670 619 1716 litterarum
641 1669 850 1715 elementa
871 1666 1069 1713 lubenter
1087 1663 1318 1728 formasse,
1352 1670 1395 1715 id
1429 1671 1550 1729 quod
1579 1673 1861 1719 commodius
1891 1690 1980 1721 erat
2008 1692 2085 1721 nec
2110 1674 2260 1722 minus

41 1736 226 1797 elegans.
294 1739 341 1782 T
341 1752 540 1799 yporum
558 1752 662 1781 vero
689 1732 925 1781 formatori
952 1734 1141 1779 alterum
1169 1733 1281 1780 illud
1307 1732 1481 1781 facilius
1511 1735 1592 1782 effe
1621 1740 1792 1798 potuit,
1826 1755 1982 1801 utpote
2010 1742 2089 1799 qui
2113 1741 2259 1789 exilio-

41 1819 110 1851 res
129 1800 283 1849 duffius
304 1803 557 1864 copulantes
576 1803 843 1863 exprimere,
877 1814 974 1845 tum
994 1797 1209 1846 necessum
1236 1817 1328 1847 non
1355 1801 1528 1851 habuit.
1599 1806 1730 1862 Haec,
1766 1822 1864 1865 quac
1889 1807 2030 1854 modo
2048 1807 2174 1853 attuli
2194 1823 2261 1854 ar-

1 1906 5 1910 .
43 1884 273 1931 gumenta,
306 1868 337 1915 fi
366 1871 539 1925 ceteris,
583 1870 630 1914 in
659 1865 807 1933 pra’f}
835 1867 888 1922 ad
920 1861 1159 1931 Ulphflam
1195 1867 1472 1932 illzfiratum
1505 1867 1664 1929 allatis,
1705 1871 2023 1935 adiungantur,
2067 1873 2113 1919 id
2142 1870 2259 1919 forte

40 1934 248 1993 efficient,
285 1933 452 1982 efficere
471 1933 622 1982 saltem
642 1933 822 1992 debent,
855 1948 906 1982 ut
925 1933 1141 1981 calculum
1159 1931 1449 1981 dissentientes
1478 1935 1743 1997 cohibeant,
1769 1938 1907 1987 donec
1928 1938 2012 1988 suis
2034 1939 2174 1988 oculis
2193 1940 2259 1988 rei

36 2003 262 2051 veritatem
281 2004 523 2048 examinare
547 1999 719 2063 poffint.
914 2009 917 2011 ’
1033 2005 1037 2007 ’

173 2069 375 2114 Tertiam
405 2066 575 2114 classem
600 2067 867 2115 constituunt
893 2068 1045 2115 litterae
1073 2066 1119 2112 in
1148 2068 1345 2129 margine
1371 2066 1541 2131 pofitae‚
1578 2087 1814 2121 numerum
1840 2071 2041 2127 κεφαλαίων
2067 2075 2259 2124 indican-

37 2149 123 2190 tes,
155 2133 238 2179 illae
258 2135 388 2180 etiam
408 2135 576 2180 calamo
598 2150 795 2192 exaratae‚
830 2152 920 2181 non
941 2134 1199 2195 inelegantes
1229 2134 1434 2194 quidem,
1469 2135 1543 2184 sed
1571 2154 1716 2186 tamen
1744 2140 1885 2204 specie
1912 2143 2167 2204 vulgaribus
2194 2145 2259 2189 in·

36 2199 237 2249 feriores,
306 2201 518 2247 Eiusdem
547 2201 860 2262 magnitudinis
889 2200 971 2247 effe
1000 2201 1174 2261 reperio
1202 2198 1388 2258 litteras,
1423 2221 1553 2263 quas,
1588 2222 1669 2266 per
1698 2209 1913 2255 incuriam
1934 2209 2138 2266 omissas,
2172 2224 2257 2256 tex·

0 2315 16 2342 x
38 2269 104 2314 tui
120 2265 448 2329 superimponit
476 2266 700 2324 librariuS‚
728 2268 793 2314 uti
813 2268 921 2314 dum
946 2265 1062 2332 Joh.
1085 2283 1103 2314 1
1119 2283 1137 2313 1
1156 2302 1168 2323 ‚
1210 2281 1283 2328 14.
1303 2266 1383 2317 fol.
1408 2277 1484 2325 86.
1513 2270 1554 2322 b.
1589 2270 1688 2332 post
1706 2270 1881 2323 thanah
1904 2274 2110 2322 omissum
2131 2274 2257 2328 than.

37 2333 152 2393 Luc'.
178 2342 258 2391 18,
299 2347 372 2397 17.
405 2330 485 2386 fol.
512 2349 589 2397 30.
625 2331 723 2396 post
743 2333 859 2384 barn
877 2338 938 2383 ni.
973 2336 1083 2387 Luc.
1109 2348 1161 2393 3,
1202 2349 1244 2385 1.
1289 2332 1371 2388 fol.
1399 2347 1505 2394 128.
1541 2340 1587 2385 in
1611 2337 1959 2404 fimtaihundin,
1988 2353 2037 2391 ta
2066 2340 2254 2404 superne

30 2398 196 2449 adiicit.
776 2451 778 2454 ,

171 2468 345 2528 Qartae
376 2462 419 2509 ὅ(
446 2462 641 2529 minimae
670 2458 828 2512 formae
858 2463 1010 2510 litterae
1040 2460 1163 2522 sunt,
1213 2482 1308 2525 quae
1334 2463 1449 2521 infra
1478 2484 1726 2518 contextum
1757 2487 2014 2531 occurrunt,
2054 2475 2254 2522 Canones
2282 2488 2286 2489 ⁷

26 2531 351 2584 Ammonianos
365 2529 642 2589 designantes,
654 2531 706 2578 de
727 2531 888 2591 quibus
909 2531 1026 2576 idem
1049 2531 1170 2590 quod
1190 2532 1242 2578 de
1254 2533 1481 2593 prioribus
1500 2535 1714 2598 judicium
1728 2537 1839 2586 esto:
1876 2542 2075 2600 nuspiam
2099 2542 2143 2585 in
2166 2541 2252 2588 illis

30 2596 249 2662 depreffos
267 2593 404 2644 sulcos
424 2597 629 2656 invenies,
662 2597 857 2646 chartam
876 2594 1069 2645 scabram
1094 2615 1184 2645 non
1205 2598 1422 2662 efficiunt,
1448 2619 1674 2666 nunquam
1693 2604 1994 2653 membranam
2011 2603 2253 2668 perforant.

1058 2710 1096 2772 §-
1163 2712 1216 2760 x,

163 2797 431 2845 Litterarum
462 2793 728 2857 compendia
756 2793 823 2844 vei
857 2794 1179 2845 abbreviaturas
1207 2796 1442 2861 aliquando
1469 2795 1650 2862 usurpat
1674 2797 1838 2860 noster,
1874 2802 1939 2851 uti
1960 2804 2065 2852 dum
2088 2822 2174 2867 pro
2203 2805 2254 2856 m'

28 2865 190 2915 lineam
209 2880 312 2913 cum
334 2863 501 2927 triplici
523 2861 729 2913 deorsum
756 2862 879 2913 verso
910 2867 1074 2914 uncino
1105 2866 1339 2928 aliquando
1369 2866 1718 2932 superimponit,
1735 2882 1737 2884 ·
1754 2870 1796 2918 ὅ(
1823 2887 1908 2934 pro
1928 2888 1959 2921 n
1986 2871 2171 2921 fimilem
2199 2874 2250 2919 li-

36 2943 44 2945 s
2102 2950 2245 2999 neam,
