2473 3380
637 76 744 151 DE
778 95 1054 151 LINGUA
1086 97 1382 152 comclse
1398 97 1787 152 ARGENTEI.
2219 100 2316 159 26,

97 229 199 260 rum
227 209 410 275 copiam'
429 211 538 259 adeo
567 226 764 272 paratam
793 211 990 258 Gmhico
1019 210 1191 258 homini
1221 213 1354 273 influe
1374 209 1526 258 Moefia
1551 209 1763 256 habitanti
1790 204 1942 263 fuiss'e,
1977 205 2207 255 verisimile
2236 226 2328 257 non

98 294 249 340 putat,
285 295 425 339 quum
448 277 655 340 Ulphilas
675 277 792 323 haud
822 277 955 323 dubie
974 279 1132 324 Graeco
1153 277 1399 324 Bibliorum
1424 277 1626 338 exemplo
1655 274 1811 322 usurus
1841 271 2007 331 fuisset3
2034 273 2177 322 vidisti
2198 279 2248 324 B.
2268 279 2322 330 L,

95 362 178 392 nos
198 346 352 392 eodem
380 345 466 391 telo
496 344 550 391 ad
571 343 763 391 nostram
787 344 990 390 tuendam
1013 342 1288 403 sententiam,
1317 344 1382 401 ὅτ,
1417 346 1481 392 uti
1512 344 1799 398 arbitramur,
1836 340 2094 387 certioribus
2120 341 2324 403 auspiciis

98 427 308 472 pugnare.
377 409 449 459 De
469 426 612 457 cetero
633 409 820 461 ostendit
840 413 940 457 Rev.
962 413 1015 460 D.
1039 413 1112 461 Er.
1133 410 1370 474 Benzeliuf
1387 412 1432 457 in
1454 407 1625 472 praefat.
1653 408 1709 455 ad
1727 406 1975 470 Ulphilam,
2002 405 2239 454 manifestis
2260 410 2324 454 in·

99 477 224 522 dit-iis
243 477 400 537 prodi,
436 495 485 523 ex
507 478 662 523 Graeco
683 492 798 523 textu
820 493 951 535 quam
974 477 1167 537 plurima
1191 478 1283 524 loca
1303 477 1466 523 codicis
1489 475 1680 539 argentei
1706 475 1907 522 translata
1927 469 2070 521 fuisse.
2136 475 2193 519 Et
2211 473 2322 520 bene

94 541 246 589 habet:
283 542 531 604 conspirant
550 545 698 590 omnia
719 541 991 597 amiciflime,
1028 539 1057 586 si
1080 542 1276 589 dicamus
1296 542 1348 588 ab
1367 545 1493 590 initio
1514 561 1563 589 ex
1586 544 1741 589 Graeco
1761 556 1878 587 textu
1899 539 2137 586 Gothicam
2159 535 2322 585 forma-

93 624 182 659 tam
199 604 331 654 fuisse
357 609 594 657 versionem
608 647 620 669 ,
653 608 725 656 scd
745 610 789 654 in
813 608 931 655 ltalia
953 608 1007 654 ad
1030 622 1227 656 tenorem
1247 607 1498 661 versionum
1516 611 1820 676 antiquiorum
1838 606 2025 656 eandem
2043 601 2170 654 fuiffe
2189 606 2324 655 varia-

96 690 188 724 tam
207 673 248 721 &
269 676 591 739 interpolatam.
2210 686 2224 689 ”

1103 834 1138 891 §-
1205 831 1320 881 xix.

227 943 433 989 Vitamus
453 943 512 988 ita
530 959 710 1002 quoque
729 940 838 988 illud
856 939 1070 997 dubium,
1105 943 1228 1001 quod
1250 944 1317 989 vir
1333 941 1407 989 hic
1427 940 1721 1000 doffiflimuS,
1752 942 1851 989 inde
1870 937 2025 998 sumit,
2059 937 2181 1000 quod
2203 937 2320 985 nulla

96 1010 143 1055 in
162 1004 249 1054 hoc
272 1008 422 1054 codice
439 1024 675 1069 appareant
699 1009 938 1055 Arianismi
973 1006 1171 1068 vestigia,
1206 1026 1347 1069 quum
1377 1026 1521 1056 tamen
1548 1010 1652 1056 huic
1675 1007 1797 1056 segiae
1822 1005 2064 1074 Ulplzilam
2086 1003 2321 1051 -addistum

97 1071 251 1130 fuisse,
288 1077 401 1120 inter
418 1077 623 1134 antiquos
644 1072 818 1125 constet,
887 1076 971 1120 Sed
1000 1072 1030 1120 fi
1055 1075 1126 1120 hic
1144 1077 1285 1121 codex
1314 1078 1359 1123 in
1381 1074 1600 1123 solennem
1628 1076 1809 1122 alicuius
1829 1075 1985 1135 templi
2013 1087 2089 1120 aut
2106 1072 2321 1133 principis

97 1138 225 1186 usum
246 1137 334 1186 fuit
354 1139 617 1201 descriptus,
652 1143 727 1200 qui
750 1138 845 1186 fieri
870 1138 1059 1199 potuisse
1079 1140 1446 1202 existimabimus,
1481 1143 1657 1188 utillud
1686 1140 1978 1195 fermentum,
2012 1138 2043 1185 si
2072 1139 2194 1198 quod
2222 1134 2322 1191 fuit,

98 1204 264 1253 solicite
285 1207 386 1253 inde
407 1224 497 1252 non
516 1206 565 1253 fit
586 1207 818 1252 demtum?
850 1209 893 1253 Si
913 1224 1042 1264 vero,
1075 1224 1127 1253 an
1147 1209 1225 1253 ulli
1249 1210 1292 1253 in
1314 1210 1394 1254 hac
1413 1208 1602 1255 versione
1629 1225 1797 1254 errores
1825 1205 2014 1262 fuerint,
2043 1203 2242 1251 dubitare
2265 1203 2323 1248 vi·

98 1273 230 1329 deor,
259 1271 382 1318 causa
400 1274 494 1318 haec
524 1272 605 1330 est,
638 1274 760 1332 quod
789 1275 1003 1319 incertum
1036 1272 1105 1328 fit,
1140 1271 1322 1320 suumne
1347 1274 1543 1321 laborem
1573 1290 1802 1334 antequam
1824 1274 1974 1321 Ariani
2002 1272 2207 1332 dogmata
2233 1283 2324 1316 am·

98 1339 298 1400 plexatus
317 1336 691 1386 fueratGothicus
710 1339 781 1386 hic
802 1337 976 1401 praesul‚
998 1341 1084 1384 iam
1108 1337 1358 1400 perfecerit.
1427 1342 1712 1400 Aliquamdiu
1734 1342 1851 1386 enim
1873 1338 2172 1386 orthodoxum
2196 1333 2324 1383 fuiss'e

65 1415 67 1417 ’
100 1404 356 1465 Dlphium,
392 1406 633 1452 luculenter
659 1406 812 1465 prodit
841 1405 1057 1454 Socrates
1084 1408 1129 1451 in
1157 1405 1337 1454 historia
1371 1407 1642 1454 ecclesiastica
1678 1405 1774 1456 Lib.
1794 1409 1869 1453 VI.
1904 1423 1938 1454 c.
1961 1420 2035 1468 37.
2101 1412 2206 1454 Α’»λιῖ
2234 1406 2322 1463 vig,

95 1472 262 1531 issqUit,
302 1481 363 1519 καὶ
384 1480 539 1531 immas
559 1480 580 1518 θ’
596 1480 681 1532 πῶς’
701 1478 819 1522 αὐτοῖς
841 1477 922 1519 τᾶτε
944 1475 1140 1532 ἱεςῶμενος,
1169 1478 1219 1520 u*
1245 1484 1304 1531 μὶν
1322 1482 1449 1535 πςότοι
1476 1481 1550 1522 δ’δὲν
1571 1480 1746 1534 >armigera
1765 1468 1849 1533 ‘⁸333
1865 1480 1929 1524 πῆν
1953 1475 2097 1521 xxo-'m
2123 1474 2320 1520 ima-noim.

1114 1629 1153 1686 ὗ.
1218 1629 1312 1680 XX.

233 1737 371 1802 Qiod
388 1754 491 1783 vero
512 1735 564 1782 ad
586 1735 915 1782 similitudinem
937 1737 1177 1783 litterarum
1207 1737 1442 1784 latinarum
1474 1738 1528 1785 ab
1547 1738 1732 1800 Ulphila
1760 1740 2023 1798 adoptarum
2039 1774 2050 1794 ‚
2083 1750 2322 1793 earumque

101 1804 263 1866 quibus
294 1805 369 1850 alii
400 1804 569 1849 cod-ices
588 1805 797 1863 Europtei
826 1801 971 1863 scripti
1003 1801 1120 1860 sunt,
1157 1805 1330 1861 attinet,
1365 1821 1454 1851 non
1483 1807 1611 1852 video
1641 1805 1750 1865 quid
1774 1806 1938 1866 egregii
1966 1804 2117 1849 eadem
2145 1801 2321 1863 probet.

100 1872 269 1918 Illudne
288 1871 479 1925 mirum,
512 1867 541 1915 fi
570 1884 715 1929 gentes
740 1870 888 1914 vicinae
915 1870 1165 1930 eaedemque
1193 1887 1408 1935 cognatss,
1442 1873 1484 1917 in
1516 1872 1677 1931 quibus
1699 1887 1926 1932 poterant,
1960 1870 2002 1916 ἅ
2026 1867 2125 1915 usus
2146 1867 2321 1921 addixit,

98 1937 254 1985 similes
275 1937 435 1982 litteras
455 1937 706 1996 pinxerint?
740 1939 908 1981 lterum
933 1953 1117 1992 moneo,
1152 1938 1265 1982 intra
1286 1936 1427 1983 finum
1447 1938 1579 1984 Italiae
1606 1938 1649 1985 8(
1671 1938 1725 1985 ab
1745 1936 2020 1998 Ostrogotho
2038 1935 2236 1982 codicem
2256 1950 2322 1979 ar-

99 2020 303 2067 genteum
322 2000 497 2064 piE'tum
517 2000 621 2059 esse,
653 2018 744 2048 non
764 2016 865 2048 vero
887 2002 941 2049 ad
973 2002 1119 2049 littora
1140 2004 1269 2049 Ponti
1289 2006 1466 2052 Euxini,

2300 2117 2321 2128 l

1101 2162 1137 2219 ς.
1206 2160 1320 2210 xxi.

235 2268 396 2316 Pedem
428 2268 526 2314 heic
551 2284 675 2329 paene
702 2265 905 2326 fixiffem,
939 2269 985 2315 in
1013 2270 1168 2330 prims
1198 2286 1339 2329 quum
1368 2268 1657 2318 dicendorum
1687 2288 1776 2318 non
1805 2269 1882 2317 nisi
1911 2269 2081 2317 summa
2111 2267 2250 2328 capita
2278 2267 2330 2313 in*

101 2337 296 2384 chartam
316 2335 599 2384 tumultuaria
616 2335 698 2381 hac
720 2352 853 2396 opera
872 2337 1085 2383 coniicere
1098 2374 1108 2394 ‚
1139 2338 1183 2382 in
1204 2339 1400 2383 animum
1421 2335 1666 2384 induxerim
1680 2375 1690 2395 ‚
1725 2335 1796 2384 sed
1817 2354 1954 2397 quum
1973 2352 2117 2383 tamen
2136 2334 2321 2389 videam,

101 2400 338 2450 immisceri
361 2403 425 2448 illi
447 2399 693 2461 quaestioni,
731 2418 861 2461 quam
899 2403 1037 2449 modo
1066 2404 1315 2463 attigimus,
1350 2403 1552 2460 alteram,
1590 2421 1689 2464 quae
1716 2413 1815 2450 cum
1846 2406 1995 2451 eadem
2024 2417 2185 2465 parum
2203 2415 2322 2445 com-

103 2471 256 2516 mercii
274 2468 426 2525 habet‚
461 2484 609 2514 utrum
642 2485 800 2529 nempe
824 2468 877 2514 ad
901 2469 1140 2515 Gothicam
1169 2487 1220 2515 an
1241 2470 1550 2515 Germanicam
1578 2471 1726 2531 lingua
1753 2471 1914 2518 codicis
1937 2469 2154 2531 argentei,
2188 2481 2322 2526 quam

103 2534 458 2595 Ostrogothicam
480 2535 589 2581 mihi
611 2535 827 2596 appellare
848 2536 995 2592 liceat,
1030 2538 1220 2597 propius
1240 2536 1445 2586 accedat?
1476 2538 1698 2583 nonnullis
1729 2538 1878 2594 lineis,
1914 2537 2021 2597 quid
2048 2551 2130 2595 ego
2160 2533 2212 2579 de
2240 2533 2322 2578 hae

103 2618 150 2648 re
181 2598 382 2656 sentiam,
424 2603 618 2662 aperire,
661 2618 751 2647 non
778 2601 852 2647 abs
881 2619 928 2647 re
952 2605 1051 2651 erit.
1120 2606 1237 2648 Inter
1263 2619 1415 2648 omnes
1444 2602 1657 2660 constare,
1701 2604 1927 2650 arbitratus
1954 2600 2109 2656 fuero,
2152 2600 2322 2660 linguas

99 2663 360 2713 Theotiscas
388 2666 431 2712 ὃ(
470 2666 845 2727 septentrionales,
892 2668 1147 2715 Francicam
1178 2685 1307 2729 puta,
1345 2669 1697 2726 Alemannicam,
1732 2669 2079 2730 Burgundicam‚
2115 2662 2322 2727 Anglosa-
2388 2680 2391 2681 ⁷
2439 2674 2442 2675 ’

101 2735 322 2788 iconicam,
358 2735 626 2790 Batavicam,
655 2733 928 2791 Suethicam,
965 2736 1177 2781 Danicam
1200 2733 1542 2794 islandicamque
1563 2753 1613 2781 ex
1633 2753 1724 2782 uno
1744 2733 1868 2782 fonte
1888 2735 2082 2791 Scythici
2108 2731 2322 2780 sermonis

104 2817 258 2847 omnes
273 2796 605 2860 'propullulasse
677 2797 834 2846 Nostri
855 2797 1086 2863 scriptores
1111 2802 1231 2847 ultro
1259 2800 1310 2846 de
1330 2801 1623 2861 Sueogothica
1651 2801 1802 2862 lingua
1832 2801 1876 2847 id
1908 2800 2189 2856 confitentur,
2224 2815 2323 2845 nar-

102 2881 286 2930 tamque
308 2864 453 2917 Odzm'
469 2866 750 2926 comitatum,
785 2864 977 2915 viEiricia
995 2865 1068 2915 sua
1087 2884 1206 2915 arma
1222 2867 1513 2915 Scandinaviae
1540 2864 1800 2915 inferentem
1811 2906 1824 2928 ,
1855 2865 2076 2916 vistorum
2096 2863 2319 2914 consuetu-

1239 2932 1314 2979 Ll
1352 2948 1377 2996 3
2166 2935 2314 2981 dinem
