2473 3380
949 83 1271 138 LUCAE.
1339 83 1438 140 Vl.
1932 89 1937 92 ”
2234 103 2291 152 53

94 211 176 248 20.
207 198 279 261 jah
310 198 346 243 is
373 193 630 260 ushafjands
659 212 832 258 augona
861 195 975 244 seina
1010 197 1070 244 du
1083 198 1155 261 st-

146 264 352 329 -ponjam
367 261 566 326 fiinaim
587 259 646 328 f)
681 264 829 324 quath.
881 265 1060 327 audagai
1084 266 1154 330 jus

160 328 377 377 unledans
398 329 566 378 ahmin.
593 329 653 396 g)

92 406 174 445 21.
209 397 389 458 audagai
406 397 475 459 jus
487 397 742 458 gretandans
753 413 825 445 nu.
850 412 952 445 unte
962 394 1023 443 uf
1024 396 1153 444 hloh·

158 461 299 510 'anda.
329 463 360 495 ‘l‘

90 479 171 577 2Ζῖ
207 463 391 590 audaga}
429 527 556 591 fijuth
599 528 704 575 than
745 526 895 594 fijand
925 526 985 590 h)
1034 530 1155 575 izwis

163 611 304 643 mane.
951 639 956 643 .

90 674 169 723 23.
187 658 370 722 faginod
392 663 436 707 in
451 662 686 725 jainamma
704 660 824 721 daga.
844 660 915 721 jah
932 658 1091 709 laikid.
1113 657 1153 723 i)

86 726 149 776 ib.
176 725 453 792 praufetum.
477 727 535 791 le)
592 728 704 774 Edit.
735 724 986 786 praufetun.

85 804 168 853 24.
201 810 304 840 unte
316 796 374 858 ju
395 796 438 856 l)
467 794 624 841 habaid
657 790 905 858 guthlalltt.
934 790 1017 855 m).

85 872 167 920 25.
203 862 282 905 wai
305 862 423 907 izwis
440 861 508 923 jus
519 858 698 924 Jc'zduns
718 857 769 920 n)
806 875 880 908 nu.

84 926 168 986 27j
198 927 481 989 wailataujaid
511 927 650 972 thaim
672 924 920 989 fijandam.
958 924 1009 978 ο)

85 1005 167 1054 34.
203 990 318 1038 fram
345 994 540 1040 thaimei.
561 992 615 1055 p)
659 991 776 1040 Edit.
801 991 1034 1041 thammei.

85 1074 161 1120 35.
197 1059 305 1119 gods
338 1057 389 1104 ist
421 1059 560 1105 thaim
601 1055 874 1123 unfagram.
903 1059 951 1122 q)

1232 212 1312 250 20,
1345 200 1401 244 Et
1418 198 1454 244 is
1472 193 1671 243 attollens
1698 194 1852 243 oculos
1871 193 1970 244 suos
1989 198 2034 245 in
2055 195 2293 260 discipulos

1298 263 1421 324 suos,
1456 263 1584 311 dixit:
1619 265 1736 310 Beati
1770 279 1848 309 vos
1877 280 2093 327 pauperes
2123 262 2293 327 spiritu.

1233 410 1313 447 21.
1345 398 1463 444 Beati
1491 399 1573 444 vos'
1599 394 1749 444 flentes
1779 412 1918 456 nunc,
1955 398 2059 459 quia
2088 396 2294 444 exhilara-

1298 463 1472 514 bimini.

1231 542 1313 580 22.
1356 531 1474 576 Beati
1510 530 1651 588 eritis,
1687 529 1863 590 quando
1899 529 2073 578 oderint
2107 544 2187 577 vos
2216 526 2294 575 ho‘

1297 612 1466 643 1n1ne3.·

1231 673 1309 720 23.
1343 661 1541 707 Gaudete
1573 661 1650 709 illo
1686 662 1779 719 die,
1813 662 1856 710 ὅ(
1879 660 2090 711 exsultate.

1230 727 1292 776 ib.
1330 728 1579 787 Prophetis·

1229 806 1314 856 24.
1350 794 1468 856 Quia
1497 811 1613 840 nunc
1644 792 1820 839 habetis.
1892 822 1909 831 -
1977 822 1993 832 -

1230 873 1313 920 25.
1357 862 1433 903 Vae
1459 859 1607 914 vobis,
1649 875 1726 904 vos
1760 856 1934 908 saturati
1961 878 2088 909 nunc.

1230 941 1310 986 27.
1341 930 1455 973 Bene
1479 921 1606 972 facite
1637 926 1843 979 inimicis,

1231 1008 1311 1055 34.
1347 997 1384 1038 A
1431 991 1604 1052 quibus,

1231 1074 1309 1118 35.
1341 1060 1561 1120 Benignus
1590 1055 1649 1104 est
1690 1058 1887 1120 ingratiS.

1299 1127 1342 1172 G
1381 1140 1405 1187 3
2217 1133 2294 1186 36.

120 1233 179 1287 f)
206 1236 239 1286 J.
263 1234 298 1272 ὅ(
316 1234 372 1275 St.
388 1246 584 1285 perperam
602 1233 649 1272 du
655 1231 794 1284 fipmy'e
808 1232 923 1284 fiinai
933 1261 942 1279 ,
972 1233 1077 1284 quod
1097 1236 1136 1272 B.
1156 1234 1296 1280 reiicit,
1326 1235 1360 1273 δε
1378 1248 1447 1286 pro
1468 1235 1535 1275 suo
1555 1238 1731 1276 acumine
1749 1236 1896 1290 supplet
1913 1237 1960 1277 du
1973 1236 2269 1292 fiponjefiinaize
2279 1255 2294 1286 ‚-

183 1297 367 1327 neutrum
389 1299 476 1324 vero
499 1286 621 1325 codex
638 1285 827 1337 agnoscit,
853 1296 898 1324 ut
919 1287 984 1337 qui
1004 1286 1183 1326 rarissime
1204 1285 1300 1326 casui
1319 1289 1476 1338 genitiv.
1500 1291 1703 1342 coniungit
1727 1290 2042 1343 praepositionem
2061 1291 2128 1341 du,
2161 1291 2290 1345 saepis·

183 1339 276 1380 {ime
295 1349 425 1377 autem
448 1337 575 1377 dativo
601 1352 639 1379 v.
663 1338 751 1376 edit.
774 1338 882 1375 Benz.
903 1352 939 1389 p.
966 1347 1051 1388 198.
1073 1341 1106 1377 ὅ(
1127 1340 1228 1378 conf
1254 1338 1404 1390 Hickesti
1421 1339 1550 1380 Gram.
1578 1342 1781 1396 Moefhgotlz.
1801 1358 1840 1395 p.
1870 1352 1928 1386 85.

126 1392 171 1448 g)
197 1395 229 1445 J.
254 1393 288 1430 ὅ(
309 1393 363 1430 St.
382 1392 569 1429 omittunt
587 1390 724 1436 ahmin,
751 1391 908 1441 eiusque
925 1391 965 1428 in
983 1391 1113 1430 locum
1132 1391 1329 1431 sufficiunt
1347 1394 1570 1444 particulam
1590 1408 1657 1443 nu,
1686 1397 1794 1434 cuius
1810 1409 1880 1435 nec
1899 1397 2024 1436 volam
2041 1410 2167 1449 neque
2185 1396 2290 1437 vesti-

187 1446 299 1496 gium
318 1444 358 1481 in
384 1441 467 1481 cod.
497 1445 593 1493 Arg.
622 1443 768 1493 reperio

123 1497 174 1547 ’*)
202 1496 306 1550 Qid
327 1495 492 1534 defectus
507 1493 747 1534 observatum
772 1492 886 1534 fuerit
910 1494 1048 1545 Junio,
1092 1507 1261 1549 eumque
1284 1497 1456 1550 sequenti
1489 1500 1541 1540 St.
1567 1513 1735 1551 quorum
1766 1511 1927 1553 uterque
1953 1501 2000 1541 ad
2031 1499 2149 1541 finem
2174 1502 2290 1542 huius

182 1549 383 1589 commatis
403 1549 556 1587 lacunae
582 1548 720 1587 indicia
740 1549 918 1601 apponit,
954 1563 1034 1588 non
1054 1550 1234 1601 equidem
1263 1554 1452 1605 percipio:
1489 1553 1638 1604 integer
1665 1565 1762 1593 certe
1789 1553 1841 1593 est
1866 1558 1972 1595 locus
1997 1556 2174 1605 codicis,v
2195 1558 2292 1609 quin

183 1604 300 1642 etiam
328 1600 449 1641 sensus
467 1614 558 1640 cum
577 1601 686 1640 editis
703 1603 941 1647 communis3
970 1615 1085 1654 quare
1101 1603 1197 1642 nihil
1225 1604 1344 1645 deesse
1370 1605 1556 1658 fignificat
1577 1606 1664 1646 edit.
1693 1607 1915 1651 Benzeliana.

129 1655 173 1705 h)
201 1657 279 1702 Sic,
305 1668 386 1694 non
399 1653 530 1705 fijond,
557 1664 602 1692 ut

628 1656 663 1707 J.
683 1656 716 1693 &
745 1656 785 1694 St
823 1669 846 1695 v
888 1653 1026 1695 Matth.
1047 1667 1083 1703 ς,
1104 1669 1170 1704 43.
1198 1668 1268 1697 not
1295 1671 1330 1698 n.

128 1709 162 1759 i)
189 1709 291 1748 Editi
308 1707 445 1753 laikod,
475 1707 580 1758 quod
596 1706 826 1759 respuimus,
855 1707 996 1756 laikan,
1039 1711 1225 1758 exultare,
1268 1712 1376 1751 cuius
1405 1713 1592 1765 praeterit.
1621 1712 1810 1753 formatur
1832 1727 1940 1754 more
1971 1727 2197 1768 graecorum
2225 1729 2291 1768 per

183 1771 441 1813 augmentum
464 1759 706 1812 syllabicum,
733 1760 863 1808 lailaik,
891 1763 981 1800 Luc.
1002 1773 1036 1805 1,
1054 1775 1121 1810 41.
1139 1776 1205 1812 44.
1228 1765 1286 1803 Isl.
1309 1764 1417 1813 leika,
1445 1765 1603 1818 Anglofi
1618 1765 1732 1815 lacau,
1774 1767 1904 1808 Sueth.
1929 1767 2022 1817 leka,
2050 1768 2176 1816 idem,
2207 1768 2288 1809 fen-

182 1828 276 1855 non.
295 1813 416 1860 leicki,
433 1813 571 1861 ludus,
606 1815 721 1853 iocus.
779 1815 881 1853 Hinc
908 1814 1156 1854 Stiernlzielmio
1181 1816 1382 1858 deducitur
1407 1818 1619 1859 obsoletum
1649 1819 1768 1868 lat-ka,
1814 1834 1980 1870 currere,
2024 1822 2129 1861 unde
2162 1836 2288 1874 porro,

179 1867 304 1908 nescio
321 1879 440 1919 quam
460 1870 563 1914 vere,
606 1868 777 1918 Laquais,
814 1868 893 1907 Ital.
929 1868 1077 1919 Lacajo,
1113 1867 1238 1910 servus
1267 1871 1315 1911 ad
1342 1872 1476 1925 pedes,
1514 1872 1771 1926 pedissequus.
1814 1873 1879 1915 cfr.
1908 1877 2013 1929 Speg.⁸
2033 1873 2152 1916 Gloss.
2171 1877 2287 1916 Sueo-

182 1920 285 1961 Goth
315 1934 340 1973 p
372 1931 459 1971 595.
486 1921 580 1959 item
600 1919 781 1959 Wachter.
803 1922 844 1959 in
870 1934 961 1960 voce
982 1919 1096 1959 Lakei.

125 1972 171 2025 k)
195 1975 270 2022 Ita,
298 1987 333 2013 v.
350 1972 446 2012 infra
461 1986 495 2013 v.
518 1973 576 2012 26.
591 1972 667 2034 gali
686 1987 708 2011 u
722 1973 994 2027 gaprafffi‘tam.
1051 1977 1138 2015 Nos
1160 1975 1331 2029 alioquin
1348 1992 1428 2018 non
1448 1977 1570 2031 fugit,
1605 1978 1676 2019 effe
1692 1981 2015 2032 permutationem
2040 1981 2237 2020 literarum
2254 1995 2290 2019 m

180 2029 216 2066 ὃ(
236 2041 277 2074 n,
306 2027 346 2065 in
363 2027 536 2065 motione
549 2039 758 2065 nominum
776 2036 855 2066 tam
883 2025 1222 2077 substantivorum,

1260 2044 1378 2082 quam
1404 2032 1697 2082 adieffivorum,
1736 2033 1910 2086 Ulphilae
1941 2033 2185 2081 familiarem,
2214 2047 2290 2086 qua

97 2104 99 2106 -
179 2080 226 2119 de
252 2093 288 2120 ν.
308 2078 447 2117 Hickes.
475 2080 517 2118 in
532 2078 643 2118 Thes
661 2077 794 2118 Gram.
812 2079 970 2131 Anglos.
989 2083 1024 2119 ὅ(
1046 2084 1105 2124 Μ.
1126 2079 1244 2121 Goth.
1264 2097 1303 2136 p.
1328 2098 1383 2127 m.
1406 2094 1470 2129 81.
1488 2088 1654 2126 mutatio
1680 2098 1812 2127 autem
1839 2089 1902 2127 illa
1927 2087 2148 2140 scripturam
2174 2098 2289 2140 atque

141 2159 144 2161 >
178 2128 350 2181 διοίκςισ-ιν
366 2144 470 2169 mere
494 2131 726 2170 arbitrariam
756 2146 836 2171 non
853 2135 1006 2183 patitur.

126 2182 166 2236 l)
192 2186 214 2236 J
245 2187 279 2222 ὅ(
298 2184 340 2222 St
373 2195 441 2228 nu,
469 2174 572 2232 οἲςτι,
600 2182 649 2218 νῦν
659 2197 670 2230 3
687 2184 756 2234 ju,
773 2184 909 2234 jutlmn
935 2183 1134 2236 respondet
1151 2200 1272 2238 graec.
1298 2180 1384 2236 ἤδη,
1418 2189 1535 2229 franc.
1562 2193 1643 2242 giu,
1678 2196 1759 2244 gio,
1795 2192 1921 2239 idem,
1959 2193 2026 2232 cfr.
2051 2193 2192 2233 Hickes.
2215 2193 2286 2238 lib.

177 2238 238 2275 cit.
259 2237 293 2275 8<
305 2237 432 2274 Gram.
449 2237 592 2285 Franco
608 2236 769 2274 -Theot.
781 2250 816 2288 p.
841 2236 908 2282 76.

123 2288 178 2342 m)
200 2288 374 2329 Diffonas
392 2287 583 2327 editorum
601 2288 777 2328 leffiones
796 2287 982 2336 observat,
1031 2290 1153 2342 iisque
1179 2293 1365 2332 veriorem
1393 2292 1485 2342 esse,
1532 2308 1649 2347 quam
1667 2308 1738 2334 nos
1765 2295 1970 2343 tradimus,
2006 2295 2118 2336 docet
2143 2298 2208 2337 cel.
2234 2300 2284 2339 D.

175 2340 304 2395 Praefis
323 2343 363 2381 in
386 2339 575 2381 Prooemio
593 2340 736 2403 saepius
756 2342 918 2381 laudato.
976 2344 1035 2381 De
1055 2346 1154 2383 vocis
1171 2347 1320 2398 propria
1339 2345 1634 2399 significatione,
1670 2348 1756 2389 vide
1783 2363 1878 2401 quae
1899 2349 2130 2398 acutiffime,
2164 2362 2209 2392 ut
2227 2350 2282 2392 so-

173 2396 245 2441 let,
269 2396 378 2435 affert
396 2396 486 2436 Rev.
510 2395 616 2434 [seuz.
636 2409 676 2433 1n
693 2408 834 2448 nupera
856 2395 1024 2435 editIOne
1048 2410 1084 2449 p.
1107 2409 1193 2449 199.

124 2448 166 2499 n)
191 2450 241 2488 St.
253 2447 428 2499 fimdans,
452 2448 588 2487 refflus
607 2459 736 2488 autem
754 2451 795 2488 in
813 2447 1067 2500 Glossatzfizd,
1101 2449 1219 2499 satur,
1254 2452 1314 2492 Isl.
1331 2451 1492 2505 fizddur,
1528 2454 1623 2505 Ang
1661 2455 1745 2495 Bor.
1763 2453 1867 2507 ῥάκι’.
1894 2454 1980 2507 fid.
2014 2455 2130 2503 satio,
2157 2455 2280 2507 fizdde,

173 2498 320 2540 satiavi:
350 2502 384 2539 ὅ(
405 2514 515 2552 porro
535 2501 654 2541 Goth.
667 2500 739 2552 sad
754 2505 848 2550 itan,
874 2500 1032 2542 saturare
1054 2501 1108 2547 se.
1122 2502 1209 2555 fath
1225 2507 1321 2553 itan,
1354 2505 1478 2553 idem,
1517 2504 1599 2545 Luc
1634 2507 1693 2555 16,
1715 2521 1775 2546 21.
1802 2507 1875 2560 fizd
1899 2509 2079 2547 wairtlzan
2111 2508 2276 2557 saturari,

168 2552 374 2608 gaffitly'an,
402 2552 572 2594 saturare.
626 2559 732 2603 Ang.
748 2554 776 2606 j
794 2568 850 2593 am
865 2553 994 2606 fizded,
1023 2557 1186 2608 repletus
1213 2557 1307 2597 sum.
1349 2559 1412 2597 cfr⁴
1444 2558 1541 2599 Run.
1561 2559 1670 2608 Jonae
1695 2561 1899 2602 Diffionar.
1930 2562 2057 2602 Island
2097 2564 2138 2602 in
2164 2563 2279 2604 Thes.

172 2604 392 2667 Hickefi'anp,
418 2620 458 2658 p.
480 2608 537 2668 86..
558 2609 592 2646 ὃ(
614 2607 790 2647 Rudbeck.
811 2660 817 2666 ι
845 2609 1054 2671 Specimen·
1073 2609 1170 2650 Usus
1198 2610 1477 2673 ling-Gothic.
1502 2625 1541 2664 Ρ.
1565 2623 1654 2662 ις7.

127 2659 164 2709 ο)
193 2659 328 2700 Codex
348 2672 389 2698 1n
405 2672 578 2710 margine
604 2659 718 2700 habet
741 2660 965 2712 hatjandam,
992 2662 1419 2755 odiolprosequentibus.
1449 2664 1578 2705 Matth
1612 2677 1654 2713 ς,
1683 2677 1746 2714 44.

114 2716 163 2768 p)
192 2712 254 2753 Est
271 2712 382 2751 dativ.
403 2713 531 2764 plural.
554 2714 699 2752 articuli
714 2711 779 2764 stt,
796 2711 851 2763 so,
870 2713 981 2752 thata.
1002 2717 1070 2767 qui

165 2766 280 2808 fidus.
303 2766 372 2815 Lye
382 2767 499 2805 Gram
529 2766 631 2806 Goth
658 2780 700 2823 p.
713 2767 829 2805 XLV.
862 2768 973 2818 Legit
990 2769 1152 2821 ideoque
1171 2772 1352 2823 interpres
1370 2788 1444 2822 ποις
1470 2788 1531 2819 ων,
1561 2785 1640 2811 non
1658 2771 1742 2821 φας’
1764 2773 1802 2809 ἆυ

1101 2717 1261 2768 yllabica
1283 2719 1466 2782 particula
1485 2722 1513 2757 ei
1537 2719 1863 2773 p1·0du&us,„vice
1883 2718 2063 2771 fungitur
2084 2721 2244 2770 relativi,
2263 2737 2285 2762 v

1848 2786 1887 2813 v.
1910 2773 2009 2812 Edit.
2021 2774 2130 2813 Benz.
2142 2790 2183 2828 p.
2197 2788 2267 2814 201

124 2821 167 2874 q)
221 2849 229 2858 .
253 2820 287 2858 8<
305 2821 357 2859 St.
387 2818 586 2871 mffairam‚
617 2820 651 2858 8(
670 2818 719 2858 fic
745 2820 858 2858 etiam
889 2821 929 2859 in
955 2818 1167 2871 Glossariis‚·
1195 2823 1259 2864 sed
1284 2836 1472 2878 corrupte.
1529 2826 1620 2867 Vox
1646 2826 1750 2867 enim
1777 2823 1829 2866 est
1857 2825 2062 2881 composita
2093 2828 2141 2869 ab
2164 2841 2214 2868 un
2239 2829 2277 2867 ὅ(

197 2886 280 2925 agr,
306 2872 488 2919 idoneus,
515 2873 639 2919 utilis,
669 2871 871 2924 appofitusss.
902 2874 1007 2926 quod
1033 2876 1134 2917 vide,

119 2925 163 2979 r)
188 2927 249 2967 Sic
269 2926 379 2975 editi,
408 2925 516 2968 bene.
573 2925 706 2967 Codex
725 2938 804 2978 arg.
820 2923 901 2978 fiva
919 2935 986 2972 we.
1041 2942 1075 2970 v.
1091 2931 1209 2972 Marc.
1229 2941 1264 2980 9,
1290 2942 1325 2976 3.
1352 2941 1433 2973 not.
1453 2945 1485 2984 q.
