2473 3380
166 155 262 192 212
892 134 1362 187 DISSERTATIO
1398 134 1632 195 PRIMA,

168 252 274 297 dum
302 248 456 296 litteris
484 247 678 297 Homeri
706 249 947 295 carminum
974 247 1108 293 libros
1137 260 1362 303 notavere,
1394 248 1441 291 in
1467 247 1629 304 quibus
1656 261 1681 283 ν
1705 264 1793 295 non
1821 244 2260 302 duodetrecefimum,
2293 241 2368 293 sed

165 332 371 375 quartum
390 316 431 361 ὅτ
450 314 700 362 vicesimum
725 315 897 360 indicat.
967 316 1030 358 Ita
1051 307 1310 379 Scholt'qstes
1321 311 1635 376 Aristophanis
1654 313 1808 373 (Flac.
1830 332 1875 375 p.
1890 316 1993 374 95.)
2014 315 2054 360 8<
2075 312 2241 362 Suidas
2262 313 2304 356 in
2322 325 2364 355 v.

164 389 252 429 ἄλλ’
269 390 292 430 ἐ
311 385 468 440 λέχεα-οι
482 381 665 435 docent,
701 396 860 424 veteres
881 378 1159 423 Athenienles
1173 414 1184 434 ,
1218 394 1358 436 quum
1378 379 1528 423 decem
1549 379 1711 426 iudices
1733 378 1888 425 leSturi
1916 395 2054 435 erant,
2089 381 2216 427 denas
2234 375 2366 427 sortes

162 449 357 494 numeris
379 451 435 492 ita
454 444 728 507 insigniviffe‚
765 459 812 488 ut
829 445 975 504 prima
996 448 1032 488 A
1062 443 1262 499 haberet,
1298 444 1428 489 altera
1448 447 1479 488 B
1503 443 1544 489 ὅ(
1568 444 1736 490 decima
1753 444 1820 501 K,
1856 462 1951 505 quae
1982 446 2120 492 littera
2146 447 2271 499 alias,
2301 443 2358 487 in‹

162 512 402 558 tercedente
430 511 643 572 episemo,
679 511 853 556 numeri
881 511 1084 556 vicenarii
1112 525 1214 555 nota
1239 507 1311 560 est.
1379 512 1476 570 Ego
1506 510 1650 569 itaque
1677 512 1722 556 in
1750 513 1867 556 hunc
1890 508 2077 558 modum
2104 512 2366 557 ratiocinor:

163 581 275 641 Qiae
293 594 394 637 gens
413 578 565 622 ordine
584 576 767 622 collocat
783 575 964 633 litteras,
996 591 1124 635 atque
1143 575 1249 631 illis,
1285 577 1343 621 ita
1362 576 1517 620 ordine
1538 575 1702 636 positis,
1730 571 2018 623 mimerorum
2041 592 2161 622 notas
2180 578 2373 636 adaptat„

161 660 210 688 ea
229 644 347 689 alteri
372 644 485 687 viam
506 640 781 687 monstravit:
814 643 939 687 cuius
959 659 1064 688 vero
1085 641 1195 688 ordo
1215 641 1388 686 hiulcus
1409 639 1489 697 est,
1524 659 1705 700 quaeque
1725 660 1857 689 vacua
1876 643 1969 688 loca
1998 645 2234 703 peregrinis
2256 641 2365 701 figu-

156 710 216 754 ris
239 709 445 768 implere‚
479 706 697 755 necessum
725 706 900 762 habuit,
944 708 1016 754 illa
1044 707 1229 753 omnino
1264 708 1438 753 alterius
1468 708 1675 753 imitatrix
1703 705 1805 758 fuit.
1875 712 2058 754 Monere
2087 706 2247 757 oblitus
2275 705 2375 753 fere-

158 791 292 830 eram‚
312 772 562 819 vetustiores
585 775 844 820 Graecorum
864 773 994 819 aliam
1016 774 1142 835 plane
1159 772 1449 819 arithmetices
1467 775 1681 820 rationem
1703 773 1870 822 secutos
1890 772 2025 830 fuiffe‚
2042 787 2091 820 ut
2109 790 2209 819 cum
2230 773 2370 829 aliun-2

159 840 210 885 de
231 856 324 886 tum
353 857 401 886 ex
425 840 758 890 Arundelianis
772 840 1078 889 marmoribus
1105 840 1278 886 evidens
1304 838 1398 895 est3·
1421 839 1504 886 illis
1533 841 1650 886 enim
1673 868 1700 888 π
1717 852 1859 901 (πέντε)
1884 857 1903 897 5
1939 854 2047 895 erat,
2078 855 2110 889 Δ
2133 848 2260 900 (δέκα)
2286 852 2365 896 10,

158 923 190 952 H
211 915 371 966 (ἕκατον)
397 921 512 954 100,
546 925 576 956 x
596 911 735 963 (χίλιοι)
766 920 902 955 :0000
971 909 1129 970 Qum
1155 923 1259 952 vero
1286 907 1332 951 in
1360 906 1600 975 maioribus
1629 913 1819 952 numeris
1849 908 1935 952 haec
1955 905 2141 952 calculos
2170 905 2367 964 ponendi

158 974 271 1016 ratio
300 973 432 1017 nimis
461 971 560 1019 esset
589 971 798 1031 operosa,
832 972 1039 1019 credibile
1067 971 1148 1029 est,
1182 971 1427 1019 conlultum
1459 971 1621 1018 duxiffe
1645 975 1821 1019 Graecos
1849 974 2131 1031 recentiores,
2165 987 2365 1022 commo-

157 1036 330 1083 diorem
349 1038 466 1087 illam
479 1076 492 1097 ,
529 1056 624 1100 quae
643 1040 756 1085 inter
776 1039 975 1101 Pelasgos
993 1039 1109 1086 {orte
1127 1039 1194 1086 vel
1212 1038 1392 1102 Scythas
1411 1040 1574 1100 viguit,
1607 1040 1828 1101 adoptare,
2353 1035 2366 1039 *⁶

1132 1151 1171 1207 ς.
1238 1151 1390 1200 xxxt.

286 1238 531 1296 Antequam
553 1237 639 1284 hoc
657 1249 963 1297 argumentum
982 1236 1159 1297 penitus
1178 1235 1355 1284 missum
1384 1234 1540 1285 faciam
1553 1275 1564 1294 ,
1596 1234 1802 1284 letiorem
1832 1253 1981 1285 meum
2001 1236 2227 1285 observare
2245 1240 2384 1288 iube-⁴

155 1298 214 1346 bo
235 1299 353 1350 illam
375 1303 701 1350 inconstantiam
717 1339 727 1358 ,
762 1319 857 1362 quae
878 1304 920 1348 in
941 1300 1241 1363 episemorum
1261 1304 1440 1350 Graeciae
1466 1318 1555 1350 tam
1573 1301 1715 1364 figura
1743 1321 1872 1363 quam
1903 1305 2224 1353 nomenclatura
2251 1310 2367 1353 inve-

155 1367 298 1417 nitur,
329 1384 549 1428 quamque
570 1370 888 1430 peregrinitatis
905 1369 1022 1414 haud
1042 1368 1171 1414 fallax
1191 1369 1404 1416 indicium
1425 1369 1627 1416 arbitror.
1698 1373 1820 1415 Dum
1850 1387 2002 1416 omnes
2029 1370 2192 1430 ubique
2217 1371 2368 1419 testan-

157 1446 251 1488 tur,
282 1433 365 1478 alia
385 1436 548 1481 Graecis
573 1437 725 1481 litteris
760 1436 938 1479 nomina
966 1452 1056 1479 non
1086 1432 1235 1492 fuisse,
1270 1453 1403 1495 quam
1432 1431 1593 1497 alpha,
1622 1434 1744 1491 beta,
1771 1450 1981 1501 gamma,
2013 1437 2135 1484 delta
2162 1438 2249 1487 &60
2277 1440 2368 1499 pri·

156 1513 283 1543 mum
311 1498 538 1560 episemon
567 1502 704 1547 modo
722 1497 797 1536 1³2⁸
818 1500 1082 1561 appellatur,
1118 1502 1356 1565 modostz',
1388 1500 1507 1561 apud
1527 1503 1795 1566 Reginonem
1809 1499 1974 1565 stnont
2006 1503 2207 1562 pingitur
2233 1506 2367 1552 etiam

155 1564 301 1610 modis
332 1583 462 1625 quam
494 1568 722 1629 plurimis,
752 1583 947 1629 quorum
976 1567 1146 1626 aliquot
1165 1566 1375 1615 Tab.111.
1403 1567 1461 1613 ob
1492 1568 1645 1614 oculos
1673 1565 1789 1614 fistit.
1860 1570 2033 1614 Eorum
2066 1585 2170 1615 vero
2192 1571 2386 1630 primus

156 1627 214 1674 est
241 1632 481 1690 Gothicus,
517 1636 645 1681 ceteri
664 1633 913 1681 inveniendi
941 1634 1060 1694 apud
1086 1635 1374 1688 Μονιοηιιθη,
1407 1630 1827 1693 Montfaucom'um‚
1863 1633 2185 1698 Sylburgium‚
2218 1635 2369 1684 auae-

156 1711 223 1741 res
242 1697 343 1744 libri
363 1716 560 1748 nouveau
580 1707 719 1748 trazte‘
739 1701 791 1749 de
808 1699 1145 1764 diplomatz‘que‚
1163 1701 1414 1761 pluresque.
1481 1699 1681 1745 Alterum
1700 1698 1927 1760 episemon
1945 1700 2213 1760 appellatur,
2248 1703 2369 1764 apud
2387 1730 2389 1732 ·

158 1761 393 1814 Varinum
413 1773 601 1822 nemu,
626 1766 679 1812 ab
700 1763 924 1833 Hesychia
943 1771 1093 1825 aalma,
1119 1773 1260 1823 „dnn-a,
1287 1771 1433 1827 κόμη,
1460 1766 1505 1810 in
1535 1765 1754 1811 veteribus
1782 1764 2022 1826 alphabetis
2050 1767 2215 1813 Graecis
2243 1769 2368 1830 apud

158 1826 459 1895 Syllum-‘giam
481 1829 650 1896 Copha‚
676 1834 876 1897 Kolypin,
903 1831 1005 1876 alias
1025 1838 1173 1891 ίντιῤῥό.
1242 1833 1450 1878 Tertium
1471 1848 1494 1876 a
1513 1831 1696 1882 Varino
1714 1846 1894 1878 vocatur
1912 1845 2151 1895 χωςακτῆμ,
2177 1833 2231 1881 ab
2250 1837 2368 1885 Ari-

143 1893 385 1961 stophanis
407 1895 644 1962 Scholiqste
667 1899 849 1958 aliisque
869 1890 990 1944 σᾶμφι
1010 1898 1077 1942 vel
1097 1900 1214 1954 τρέμω-ι
1235 1895 1276 1941 ἃ
1295 1901 1415 1946 edum.
1476 1899 1588 1959 Qae
1605 1896 1736 1943 huius
1764 1896 1910 1942 ultimi
1937 1894 2084 1944 forma
2103 1902 2367 1962 primigenia

157 1959 228 2016 fit,
264 1958 361 2006 sciri
391 1980 478 2008 non
506 1962 671 2024 potest,
708 1981 846 2024 quum
872 1962 1011 2008 facem
1043 1963 1247 2018 quaerenti
1275 1978 1364 2007 non
1394 1959 1601 2023 praeferat
1621 1960 1834 2023 scriptura
1852 1960 2194 2023 Moesogothicat
2230 1984 2366 2015 unam

156 2041 300 2072 autem
318 2027 476 2074 harum
495 2046 655 2084 veram,
674 2045 832 2076 ceteras
851 2029 993 2074 devias
1015 2024 1101 2080 effe,
1124 2043 1208 2087 pro
1228 2028 1440 2073 axiomate
1461 2029 1600 2090 accipi
1619 2027 1772 2090 potest.
1838 2030 1882 2074 Si
1902 2024 2088 2075 iunfiiim
2107 2032 2198 2077 haec
2217 2036 2367 2082 omnia

156 2089 404 2150 sumantur,
439 2094 541 2155 plus
565 2113 697 2154 quam
717 2094 948 2156 probabile
969 2091 1178 2152 reddunt,
1209 2095 1436 2153 peregrina
1454 2092 1535 2139 effe
1563 2110 1651 2140 tarn
1680 2096 1859 2141 nomina
1882 2091 1974 2155 ipsa
2003 2112 2132 2154 quarn
2159 2114 2366 2148 notarum

155 2155 329 2218 figuras,
396 2158 443 2206 Si
469 2162 586 2206 enim
609 2161 732 2207 domi
752 2177 858 2207 natae
878 2158 1027 2214 esstnt,
1058 2156 1272 2204 aberratio
1304 2176 1326 2204 a
1356 2156 1501 2205 forma
1524 2156 1647 2206 solita
1678 2161 1723 2205 in
1750 2160 1900 2206 oculos
1922 2161 2187 2217 incurrisset,
2223 2166 2268 2210 in
2288 2183 2362 2227 pe.

155 2225 340 2283 regrinis
358 2241 484 2282 vero,
521 2243 615 2286 quae
637 2229 821 2286 quisque
841 2240 923 2288 pro
945 2223 1088 2269 lubitu
1108 2221 1199 2270 fere
1227 2222 1353 2285 fingit
1383 2241 1509 2285 atque
1534 2224 1732 2287 refingit,
1766 2228 1909 2272 maior
1938 2225 2108 2274 licentia
2139 2228 2208 2279 est.
2276 2235 2364 2281 Pro

155 2287 405 2337 testimonio
429 2291 509 2337 effe
527 2305 737 2353 poterunt
764 2292 915 2353 fipbrae
939 2287 1094 2335 nostrae
1125 2291 1321 2351 vulgares
1347 2292 1413 2336 vel
1442 2291 1645 2349 arabicae,
1681 2310 1776 2352 quae
1809 2307 2081 2356 quantopere
2108 2311 2205 2343 ante
2232 2286 2364 2363 typo-¹

155 2356 351 2417 graphiae
369 2358 527 2405 natales
546 2361 783 2407 immutatae
805 2355 990 2417 fuerint,
1024 2358 1190 2403 nemini
1208 2359 1411 2418 ignotum
1437 2355 1518 2402 esse
1535 2356 1693 2419 potest.

1111 2467 1157 2530 §.
1225 2469 1399 2514 xxxn.

286 2556 331 2601 Si
353 2556 459 2616 quid
481 2554 571 2616 veri
589 2556 727 2612 hisce,
763 2568 858 2614 quae
877 2554 1156 2610 tradidimus,
1183 2554 1302 2613 inest,
1328 2573 1409 2617 per
1428 2552 1467 2601 se
1490 2569 1625 2615 patet,
1658 2550 1751 2601 falli
1776 2571 1874 2615 eos,
1910 2558 1986 2618 qui
2013 2555 2248 2622 Ulpltt'lam
2269 2563 2370 2619 Go·,

154 2619 336 2667 thorum
360 2623 578 2672 Cajmum
599 2621 783 2677 faciunt,
815 2622 900 2666 hoc
921 2621 1000 2678 est,
1033 2639 1134 2668 eum
1162 2621 1322 2668 litteras
1351 2619 1552 2668 inveniffe
1572 2621 1824 2681 perhibent,
1859 2624 2020 2683 quibus
2049 2625 2217 2674 lacrum
2240 2631 2358 2676 codi-

156 2703 249 2732 cem
273 2689 316 2732 in
337 2688 533 2749 linguam
553 2686 794 2749 Scythicam
815 2687 1070 2734 conversum
1090 2688 1239 2734 edidit.
1309 2691 1430 2734 Nam
1450 2686 1751 2734 diutiffime&
1781 2689 2101 2739 multis¹seculis
2125 2710 2220 2749 ante
2239 2695 2359 2743 hunc

154 2752 407 2804 antistitem,
434 2754 551 2815 apud
570 2755 745 2799 Graecos
774 2753 931 2799 litteras
951 2754 1107 2800 eodem
1128 2754 1305 2810 ordine,
1342 2769 1432 2814 quo
1454 2753 1588 2799 hodie
1603 2753 1895 2812 exhibentur,
1926 2757 2127 2818 viguiffe,
2161 2774 2248 2806 tam
2270 2762 2358 2807 evi·

156 2816 256 2861 dens
278 2817 359 2875 est,
393 2836 525 2878 quam
546 2818 668 2878 qnod
688 2818 1065 2869 evidentiffimum.
1136 2822 1180 2866 Si
1200 2837 1304 2867 vero
1325 2822 1466 2867 Graeci
1488 2821 1533 2865 in
1563 2820 1648 2865 illis
1669 2821 1930 2868 collocandis
1950 2825 2113 2870 Gothis
2141 2825 2356 2886 magistris

156 2879 217 2928 usi
232 2879 377 2941 fuere,
411 2883 602 2946 sequitur
620 2884 873 2946 necessarios
910 2885 1051 2935 multo
1069 2886 1235 2935 diutius
1255 2886 1378 2949 apud
1397 2886 1574 2950 Scythas
1594 2887 1836 2937 litterarum
1853 2905 2006 2937 arcana
2022 2891 2191 2952 cognita
2210 2889 2354 2942 fuiss'e.

2257 2961 2354 3008 Nec
2385 2988 2392 3007 ;-
