2473 3380
596 117 961 172 SPECIMEN
993 117 1373 174 GrossAmt
1401 94 1813 181 ULPHILANJ.
2223 155 2320 206 275

166 227 471 279 Observabunt
499 232 616 278 enim
650 232 813 293 linguae
843 230 1174 293 Moesogothicae
1200 231 1396 292 studiofi,
1430 234 1609 285 affixum
1634 238 1720 287 hoc
1752 242 1958 291 omnibus
1986 242 2079 296 fere
2104 254 2316 303 orationis

160 298 359 357 partibus
380 298 574 359 adiungi.
613 296 694 347 cfr.
715 300 807 347 Ed.
826 301 921 364 Lye
939 301 984 344 in
1005 315 1148 359 gram.
1169 299 1358 346 Gothica
1379 318 1424 362 p.
1444 305 1532 350 XL.
1601 308 1703 352 Nos
1722 307 1946 367 aliquibus
1974 314 2018 358 in
2036 318 2231 366 medium
2251 320 2313 369 af-

161 359 351 410 ferendis
371 365 579 426 exemplis
603 365 762 426 linguae
790 366 924 411 huius
951 365 1220 412 amatoribus
1249 365 1545 416 consulemus:
1579 372 1852 421 inveniemus
1882 394 2041 440 nempe
2070 384 2116 427 in
2146 387 2310 436 verbis:

152 428 360 493 quitlzuh,
400 429 571 480 Matth.
595 439 638 491 6,
659 445 740 490 29.
775 448 862 494 pro
891 430 1134 496 quitlzaulz,
1169 429 1433 496 quitlu'duh,
1469 437 1625 489 Marc.
1653 447 1726 496 16,
1748 453 1793 501 7.
1828 442 2053 507 quathuh‚
2090 449 2202 500 Luc.
2230 462 2306 515 18,

149 511 229 542 21.
254 499 332 554 2'9.
371 494 449 549 cfr.
475 495 590 562 Joh.
612 507 654 554 8,
687 513 760 548 12.
794 514 842 556 9,
866 512 942 557 17.
980 512 1059 559 35,
1084 506 1160 558 38.
1197 496 1379 559 mistim,
1409 499 1522 565 Joh.
1550 510 1622 561 16,
1657 519 1730 563 19.
1773 515 1844 565 18,
1865 520 1912 561 2.
1946 510 2155 576 wqsimuh
2180 515 2305 578 than,

145 562 302 611 Marc.
328 580 371 621 2,
395 570 440 613 6.
475 565 556 613 cir.
581 573 622 620 8,
652 580 701 623 9.
738 565 853 612 Luc.
877 578 952 623 15,
989 578 1028 612 1.
1068 572 1142 619 18,
1163 578 1209 623 3.
1244 564 1405 626 iddjulz
1431 564 1568 626 with,
1604 569 1710 620 Luc.
1730 585 1774 635 7,
1799 581 1843 641 6.
1874 574 1988 641 Joh.
2015 588 2089 639 18,
2118 597 2172 643 3,
2205 585 2307 634 idd-

141 628 345 690 jedunulz
363 628 498 693 asar,
532 629 643 695 Jo-lz.
672 644 743 685 11,
769 644 842 693 31.
877 624 1038 676 nimuh
1068 625 1201 676 thata
1231 627 1360 688 badi,
1392 634 1549 682 Marc.
1573 652 1616 693 2,
1643 652 1718 685 11.
1752 641 1985 701 wileizulz‚
2021 647 2132 698 Luc.
2148 666 2196 707 9,
2223 667 2302 714 54.

144 696 194 740 In
213 697 580 756 pronominibus:
616 696 794 753 thatulz,
813 693 928 761 Joh.
950 703 992 752 8,
1010 711 1094 757 40.
1128 693 1363 744 thammulz
1381 715 1465 759 pro
1485 699 1775 762 thammaulz,
1807 706 1922 772 Joh.
1950 725 2024 763 10.
2046 728 2088 778 3.
2124 716 2303 767 thanah

144 777 230 822 pro
258 761 484 820 thanauh,
522 760 638 828 Jolz.
668 768 711 818 6,
745 777 826 822 27.
871 758 1052 818 thizuk,
1097 759 1205 811 Luc.
1229 776 1274 819 9,
1305 771 1381 815 26.
1426 763 1630 830 qhazulz,
1675 771 1790 820 Luc.
1826 782 1902 833 16,
1938 783 2014 828 16.
2046 782 2289 847 saqhazulz

145 830 256 877 Luc.
279 843 324 889 7,
346 844 421 888 23.
458 846 502 888 9,
522 837 605 891 48.
647 836 722 884 18,
750 844 822 890 ¹4·
853 824 1138 893 qhairjizuh,
1171 829 1280 876 Luc.
1310 835 1353 886 6,
1372 844 1452 891 40.
1469 848 1548 894 44.
1590 849 1766 912 ¹4²‚33·
1807 856 1883 901 19,
1908 858 1984 903 15,
2017 825 2303 914 thjsqffizuh:

141 895 302 944 Marc.
326 903 368 951 6,
391 911 471 944 22.
496 901 569 954 56.
600 892 679 945 cfr.
702 893 879 943 Matth.
903 903 944 951 8,
972 909 1046 952 19.
1084 896 1197 944 Luc.
1217 910 1267 953 9,
1295 910 1372 955 57.
1430 901 1482 943 In
1505 899 1747 950 adverbns:
1783 905 1977 967 tlzanuh,
2013 914 2124 962 Luc.
2151 927 2195 972 3,
2227 934 2303 978 54,

138 977 185 1019 9,
213 976 377 1024 12.13.
416 977 489 1018 10,
514 970 589 1016 28.
627 969 794 1020 15,28.
827 959 907 1008 cfr.
925 959 1037 1024 Joh.
1060 975 1105 1021 7,
1135 976 1180 1024 3.
1218 969 1262 1016 8,
1283 970 1363 1017 28·
1405 977 1481 1024 11,
1508 980 1578 1027 ¹4·
1609 964 1784 1017 thanah
1803 971 2168 1039 thanswethaulz,
2190 983 2304 1047 3101»,

141 1042 216 1084 12,
237 1041 320 1090 42.
356 1025 499 1076 confr.
530 1028 686 1076 Marc.
713 1042 785 1083 12,
821 1032 864 1075 6.
898 1026 1093 1084 tharub,
1130 1027 1306 1076 Manli.
1329 1043 1376 1085 9,
1407 1044 1448 1089 3.
1481 1028 1593 1096 Joh.
1621 1047 1668 1093 7,
1697 1040 1738 1085 6.
1779 1046 1820 1094 8,
1851 1055 1928 1100 25.
1965 1043 2073 1092 Luc.
2105 1062 2180 1107 10,
2215 1058 2298 1101 25,

142 1109 216 1152 15,
245 1109 326 1150 29.
359 1109 434 1155 31.
469 1091 593 1142 nauh
623 1092 818 1152 thanah,
852 1095 1010 1144 Marc.
1037 1110 1087 1155 5,
1124 1110 1146 1157 3
1159 1109 1198 1154 5.
1235 1092 1317 1143 cfr.
1349 1097 1459 1145 Luc.
1495 1113 1563 1159 14,
1594 1108 1673 1149 25.
1715 1117 1787 1163 15,
1816 1121 1896 1159 20.
1929 1110 2296 1176 ninauhtlmnulz,

128 1157 249 1223 Joh.
269 1175 317 1221 7,
342 1175 420 1221 39.
455 1158 729 1226 tlzisqhaduh
749 1156 922 1217 thadei,
961 1162 1071 1210 Luc.
1090 1176 1137 1218 9,
1161 1176 1236 1223 57.
1272 1157 1355 1209 cfr.
1378 1164 1535 1213 Marc.
1557 1171 1601 1220 6,
1628 1180 1704 1215 10.
1744 1184 1818 1231 14,
1837 1186 1887 1228 9.
1956 1175 2007 1222 In
2024 1181 2296 1241 praepofitio-

132 1226 286 1275 nibusx
309 1224 513 1290 framuh
531 1226 696 1294 gotha,
730 1225 843 1294 Joh.
864 1242 909 1287 7,
939 1241 1008 1288 17.
1047 1244 1118 1286 19,
1144 1240 1221 1276 12.
1257 1225 1367 1275 inuh
1387 1224 1501 1288 thir,
1538 1232 1693 1282 Marc.
1720 1249 1791 1289 10,
1819 1251 1867 1299 7.
1901 1236 1978 1287 cfr,
2000 1241 2113 1308 Joh·
2135 1261 2181 1309 7,
2215 1256 2294 1314 322

133 1294 249 1343 Luc.
269 1309 314 1355 7,
335 1309 416 1344 21.
451 1310 526 1350 10,
549 1309 626 1346 21.
661 1292 803 1352 uzuh,
838 1295 947 1342 Luc.
976 1300 1020 1351 6,
1046 1309 1123 1354 45.
1163 1291 1285 1341 ubuh
1311 1294 1378 1353 (ni
1408 1293 1539 1343 failor
1564 1315 1649 1359 pro
1677 1297 1810 1364 ufuh)
1838 1308 2041 1371 wopidffi
2075 1313 2188 1363 Lm..
2215 1325 2292 1376 18,

137 1370 211 1420 38.
281 1365 330 1407 In
360 1359 765 1408 coniunstionibus:
792 1356 1050 1423 fivetlzaull,
1084 1357 1261 1411 Matth.
1281 1372 1328 1423 7,
1363 1375 1441 1422 ¹5·
1476 1361 1555 1417 cfr.
1584 1367 1737 1417 Marc.
1768 1384 1813 1427 9,
1848 1384 1922 1424 12,
1966 1390 2039 1437 10,
2061 1393 2141 1442 39·
2177 1383 2294 1434 Lm.0

133 1433 178 1484 6,
206 1442 280 1489 35.
323 1443 396 1484 10,
424 1443 500 1488 14.
524 1440 604 1477 20.
645 1442 720 1486 19,
744 1441 829 1493 27.

63 1490 156 1556 Af,
193 1494 264 1543 ab.
301 1492 556 1560 v0Junius.

63 1578 293 1646 Afaikam
327 1599 502 1643 negare.
568 1581 676 1629 Vox
695 1581 746 1628 de
765 1583 888 1629 cuius
906 1582 1075 1643 origine
1093 1579 1263 1647 Junio,
1297 1583 1394 1630 viro
1415 1580 1695 1649 sagaciffimo,
1715 1607 1792 1639 nec
1819 1593 2172 1650 conieEiurarum
2190 1621 2289 1667 par-

111 1649 202 1706 co,
234 1648 347 1694 nihil
367 1665 478 1706 erat,
513 1649 632 1708 quod
651 1646 876 1704 statueret,
912 1648 988 1695 nisi
1005 1650 1128 1708 quod
1148 1648 1300 1697 leffiori
1322 1651 1606 1702 iudicandum
1626 1658 1868 1718 relinquat,
1903 1678 2049 1712 annon
2074 1685 2177 1716 cum
2195 1689 2287 1720 ver·

122 1714 182 1762 bo
208 1718 371 1781 aigan,
407 1713 621 1776 poffidere
634 1751 645 1772 ,
674 1715 840 1774 aliquid
860 1711 976 1760 forte
998 1713 1216 1762 affinitatis
1236 1716 1396 1763 habere
1415 1716 1562 1778 poffit.
1635 1722 2005 1777 Stiernlzielmius
2023 1748 2126 1780 vero
2145 1753 2169 1782 a
2184 1753 2285 1798 par·

65 1780 71 1781 a
121 1782 250 1828 ticula
268 1778 610 1844 affimmtivaja,
643 1780 760 1826 unde
778 1778 1067 1841 postmodum
1080 1780 1222 1842 jaka,
1252 1782 1381 1844 jam,
1403 1784 1535 1846 jci'ca,
1568 1788 1872 1848 pullularunt,
1907 1796 2174 1849 vocabulum
2195 1803 2283 1852 hoe

123 1846 310 1898 deducit.
377 1850 475 1909 Ego
496 1849 560 1894 uti
581 1847 773 1893 multum
791 1848 895 1894 hinc
914 1865 1002 1894 non
1021 1846 1194 1906 abludo,
1215 1850 1273 1895 ita
1294 1846 1476 1897 observo
1493 1866 1680 1913 tantum,
1706 1855 1896 1919 afaikan
1916 1860 2019 1910 hinc
2038 1881 2161 1914 antea
2180 1886 2283 1930 pro·
2307 1909 2312 1913 .

120 1930 302 1976 gnatum
322 1932 412 1961 non
430 1912 524 1973 esse,
545 1931 680 1974 quam
700 1913 881 1960 eandem
903 1913 1280 1975 transpositionem
1300 1915 1543 1965 litterarum
1563 1917 1695 1969 subiit
1712 1941 1760 1970 ac
1779 1924 2022 1976 latinorum
2042 1933 2128 1994 ajo,
2156 1938 2281 1995 quod

127 1980 181 2027 ad
202 1979 398 2026 nostrum
420 1981 622 2041 proxime
642 1979 819 2028 accedit.
887 1980 1163 2028 Crediderim
1188 1983 1334 2041 itaque
1361 1981 1415 2028 ab
1446 1985 1540 2048 ajo,
1575 1987 1644 2033 vel
1673 1992 1824 2050 potius
1847 2009 2035 2054 cognato
2056 2001 2281 2063 Moesogo—

69 2048 71 2050 ’
124 2047 260 2104 thien,
279 2047 422 2093 addita
442 2047 747 2092 terminatione
767 2047 1027 2093 Gothorum
1048 2043 1364 2108 frequentativa
1378 2083 1388 2100 ,
1420 2044 1588 2099 fastum
1608 2052 1689 2101 esse
1707 2054 1842 2106 aikan
1855 2095 1866 2116 ,
1896 2060 2061 2120 dicere,
2096 2066 2139 2113 δι
2155 2068 2283 2131 afai-

125 2116 232 2167 kan,
263 2130 442 2174 negare,
484 2112 718 2174 abnegare,
760 2112 910 2159 eadem
938 2114 1105 2159 ratione
1138 2131 1187 2161 ac
1214 2131 1238 2160 a
1266 2111 1595 2176 Moesogothico
1619 2121 1809 2185 quitlzan
1832 2125 2019 2190 (qua'da)
2047 2130 2196 2193 loqui,
2229 2134 2280 2184 fit

121 2176 387 2245 afficiebam
425 2182 534 2230 Luc,
562 2193 634 2238 ¹4›
673 2193 744 2237 33.
781 2179 1015 2240 abnegare,
1048 2181 1317 2229 renunciare.
1375 2182 1518 2229 Graeci
1547 2202 1569 2230 a
1598 2193 1716 2248 φῆμι,
1753 2189 1875 2247 dico,
1909 2192 2070 2242 habent
2093 2206 2275 2261 α’ποφῆμι,

123 2263 261 2308 nego,
295 2249 500 2305 ἐπόφπις,
535 2247 725 2305 negatio,
794 2248 894 2291 Nos
913 2263 936 2291 a
940 2241 1067 2311 stiga
1087 2247 1254 2301 dicere,
1290 2246 1529 2295 derivatum
1548 2251 1763 2301 habemus
1782 2254 1968 2324 affiiga,
2002 2267 2274 2319 renunciare,

119 2313 349 2360 Calculum
368 2312 470 2357 hinc
488 2311 642 2358 nostrae
662 2309 943 2369 coniesturae,
974 2313 1197 2359 audaciori
1218 2312 1368 2359 multis
1387 2310 1571 2362 fortaffis
1597 2318 1714 2377 visae,
1746 2318 1915 2371 facilius
1935 2326 2163 2386 addiderit,
2194 2335 2272 2392 qui

115 2379 448 2427 consideraverit
467 2377 704 2425 notabilem
726 2379 848 2425 illam
865 2378 1166 2434 harmoniam,
1200 2396 1296 2439 quae
1315 2379 1428 2426 inter
1443 2396 1673 2451 utramque
1693 2387 1890 2450 linguam
1901 2427 1914 2449 ,
1949 2393 2190 2443 Gothicam>
2209 2400 2274 2445 lo-

117 2461 237 2506 quor
262 2446 303 2492 δι
331 2445 533 2503 latinam,
570 2446 820 2504 intercedit,
855 2447 1065 2505 cuiusque
1095 2443 1331 2506 specimina
1361 2449 1571 2496 nonnulla
1599 2453 1646 2498 in
1674 2451 1932 2514 praefatione
1959 2459 2014 2507 ad
2038 2461 2271 2524 Ulphilam

119 2510 382 2558 illustratum
402 2511 627 2568 dedimus,
663 2513 793 2573 plura
814 2512 1081 2574 propediem
1101 2511 1307 2573 singulari
1328 2528 1461 2574 opera
1482 2517 1719 2576 prolaturi.

53 2582 338 2664 Afairzjan,
375 2597 598 2660 decipere,
631 2605 863 2658 ἆποπλκνέν,
903 2617 927 2646 a
947 2598 1131 2662 simplici
1149 2601 1359 2666 airzjan,
1394 2602 1516 2661 quod
1545 2620 1650 2651 mox
1670 2604 1889 2668 sequetur.

49 2686 200 2753 Asar,
233 2682 355 2747 post,
389 2684 506 2730 unde
538 2684 752 2731 habemus
783 2686 1022 2747 composita
1049 2685 1400 2752 asariddjedun,
1435 2687 1606 2749 sequuti
1634 2690 1753 2769 sunt,
1783 2692 2096 2773 afarlassjan,
2129 2700 2272 2766 sequi,

117 2751 376 2817 afitrdaga,
412 2751 502 2796 dies
522 2748 759 2810 sequentes.
827 2754 894 2798 De
922 2771 1030 2800 voce
1055 2752 1380 2822 afargaggan,
1413 2773 1546 2816 quam
1569 2759 1739 2806 codices
1766 2764 1871 2809 edm
1896 2763 2058 2814 habent
2090 2771 2267 2824 Matth.

120 2836 164 2883 5,
197 2834 273 2882 37.
303 2822 347 2863 in
369 2817 555 2878 Ulphila
583 2814 793 2866 illustrato
819 2817 1095 2868 observatum
1121 2822 1311 2882 videbis,
1337 2840 1419 2886 per
1445 2840 1641 2873 errorem
1665 2826 1789 2876 iilam
1814 2830 2027 2894 irrepfiffe
2052 2851 2139 2898 pro
2168 2856 2269 2889 vera

114 2885 365 2954 usgaggan.
397 2900 439 2933 ν.
461 2900 562 2947 pag.
588 2888 665 2934 16.
1132 2957 1189 3002 M
1205 2973 1251 3003 m
1287 2969 1316 3006 2
2137 2968 2270 3032 Afer
