2473 3380
715 79 1659 161 ANN02·TAT10'NES.
2203 131 2297 182 135

81 211 203 260 Licet
222 226 353 258 nemo
373 227 461 258 non
481 209 637 268 videat,
668 229 857 272 quantus
879 216 924 260 in
945 215 1011 261 his
1032 215 1080 262 sit
1099 233 1346 277 concentus,
1377 234 1563 266 attamen
1582 222 1685 282 plus
1707 239 1840 283 quam
1860 224 2086 285 probabile
2105 225 2175 285 est,
2201 227 2299 277 har-

81 281 277 327 moniam
301 279 389 325 liaec
409 280 520 323 inter
540 278 592 323 ab
614 280 740 323 initio
762 277 888 326 fuiss'e
911 285 1137 329 maiorem.
1187 296 1242 337 Εἲς
1261 285 1349 347 jam
1377 284 1713 347 adspirationem
1733 288 1924 350 praefert,
1953 290 2026 338 sed
2047 291 2189 341 abfuit
2209 312 2295 342 cer·

81 361 136 402 te,
165 346 271 390 dum
292 344 390 389 inde
412 341 687 390 formabatur
707 349 795 402 ἔνιοι,
829 347 985 407 aliqui:
1022 351 1087 394 uti
1110 367 1286 410 quoque
1306 351 1510 400 testantur
1537 353 1784 418 Hesychius
1814 358 1857 403 ὅ(
1887 358 2150 427 Scholicfies
2178 362 2299 409 Pin-

79 405 445 469 day-{aliquando
465 412 495 456 ’ἐν
515 420 596 458 ,ἐπὶ
616 420 723 461 rin}
748 409 872 458 fuisse
894 413 1166 475 usurpatum.
1238 420 1384 464 Immo
1405 419 1526 479 quod
1546 424 1736 486 propius
1764 421 1856 469 fere
1876 424 1933 470 ad
1950 425 2183 473 dialestum
2205 429 2295 474 Go-

79 477 240 523 thicam
268 478 441 531 accedit,
473 477 624 521 Aeoles
648 493 732 535 pro
755 481 910 525 eodem
931 492 987 539 ιῑς,
1007 488 1090 533 οἶνος
1114 482 1280 538 dixere,
1312 487 1433 542 quod
1454 487 1667 546 explicant
1697 488 1863 546 solum,
1891 496 2000 549 μένοι,
2020 494 2135 539 unde
2163 500 2296 556 anagnu

78 542 123 591 ἃ
144 553 245 592 ozni,
266 542 382 603 apud
404 543 589 587 eundem
618 542 885 610 Hesycheum
908 547 1082 592 denotat
1104 544 1347 593 solitarium
1366 554 1509 596 vivere
1594 554 1762 601 Scilicet
1790 574 1839 601 ex
1868 555 2098 605 Gloffariis
2128 560 2297 625 Ulplzi-

77 612 199 660 lanis
220 607 403 668 quilibet
423 609 744 669 deprehendere
762 610 916 671 potest,
944 615 1046 658 ains
1066 612 1182 657 idem
1203 615 1315 660 inter
1334 616 1509 662 Gothos
1530 616 1732 669 sonuisse.
1767 625 1861 669 Luc
1886 639 1930 681 9,
1955 631 2024 682 36.
2079 628 2298 692 Bigitans

78 673 232 723 worth
256 673 417 739 Jazffus
439 692 553 731 azeis,
584 678 779 721 inventus
807 676 864 721 est
883 675 1005 737 jesus
1026 675 1154 722 solus.
1208 681 1269 723 Ex
1291 679 1436 735 hocce,
1461 686 1581 741 quod
1605 688 1739 732 modo
1759 692 2015 747 memoravi,
2035 698 2118 744 οἴης
2138 709 2296 754 putant

76 743 276 790 nonnulli
297 743 586 796 eruditorum,
613 738 852 787 formatum
877 739 956 786 effe
979 742 1164 788 latinum
1185 760 1311 801 unus,
1334 763 1381 792 ut
1404 745 1510 794 solet
1529 753 1572 798 oi
1590 751 1631 797 ἃ
1650 769 1696 801 oe
1715 758 1760 799 in
1787 772 1816 802 u
1835 753 1942 816 saepe
1964 762 2171 817 converti,
2193 777 2231 809 e.
2251 776 2293 822 g.

75 827 220 872 poena,
250 812 421 868 punire,
450 817 625 860 φοινίκεος,
649 811 882 866 puniceus,
905 809 1079 864 moenia,
1106 812 1261 856 munio
1296 812 1376 858 διε.

279 877 415 937 Qiod
435 875 485 919 acl
506 889 740 918 nnmerum
760 871 1009 933 sequentem
1035 873 1251 921 binarium
1273 880 1436 936 attinet,
1453 883 1605 929 mirari
1625 888 1838 944 convenit,
1864 905 1946 948 per
1963 904 2027 937 tot
2046 889 2292 943 seculorum

76 940 306 990 decursum
337 945 444 986 adeo
471 939 624 984 dissitas
652 956 796 998 gentes
824 956 911 984 tam
948 941 1184 987 concordes
1216 942 1258 988 ἃ
1288 959 1375 990 tam
1406 949 1561 1007 exigua
1589 966 1687 995 cum
1718 953 2024 1001 immutatione
2057 975 2158 1005 eum
2193 963 2293 1007 reti-

76 1008 230 1056 nuisse.
298 1022 359 1060 Ὡς
378 1011 564 1066 fua-agelaga
576 1004 824 1055 observabo,
848 1005 1076 1051 verisimile
1095 1007 1246 1064 videri,
1270 1012 1493 1058 Romanos
1510 1015 1636 1061 aliam
1659 1035 1809 1064 vocem
1829 1020 2023 1068 habuisse
2044 1025 2171 1079 olim,
2207 1044 2295 1085 qua

76 1075 262 1122 eundem
284 1088 517 1119 numerum
540 1068 881 1130 ligiiificaverint,
920 1073 1136 1132 cuiusque
1155 1072 1328 1136 vestigia
1351 1095 1491 1124 extant
1513 1083 1556 1127 in
1575 1083 1698 1139 bini,
1733 1085 1941 1145 biduum,
1975 1090 2045 1138 bis
2065 1096 2230 1157 viginti
2248 1093 2292 1140 &

74 1143 242 1189 ceteri&
299 1142 354 1184 Et
382 1139 479 1183 licet
509 1137 624 1182 haud
650 1154 805 1197 praeter
833 1137 989 1198 linguae
1019 1139 1170 1184 latialis
1199 1146 1376 1201 genium
1408 1148 1625 1205 tradatur,
1651 1150 1722 1198 bis
1749 1152 1832 1198 dici
1858 1154 2046 1214 potuisse
2066 1175 2151 1216 pro
2171 1161 2290 1217 duis,

71 1204 450 1268 quemadmodum
481 1203 643 1249 bellum
667 1221 752 1264 pro
772 1204 991 1261 duellum,
1022 1206 1183 1251 Bellius
1203 1224 1287 1267 pro
1310 1212 1509 1263 Duellius
1537 1215 1647 1261 olim
1668 1215 2007 1281 usurpabantur3
2044 1224 2186 1271 nihilo
2207 1228 2289 1273 mi·

71 1291 156 1321 nus
187 1291 274 1320 non
300 1271 375 1317 abs
406 1287 451 1316 re
479 1272 582 1316 erit.
612 1271 810 1324 intanta,
841 1288 938 1330 quae
960 1271 1127 1330 ubique
1146 1272 1488 1332 deprehenditur
1514 1281 1758 1329 vetustioris
1781 1285 1937 1346 lingua:
1968 1306 2160 1336 romanae
2184 1308 2288 1339 cum

68 1340 270 1403 Scythica
290 1335 574 1387 consensione„
587 1333 827 1394 observare,
848 1336 1029 1396 effe,qui
1046 1339 1214 1383 tradant
1232 1339 1278 1387 ln·
1297 1343 1339 1386 in
1361 1342 1489 1389 hacce
1509 1346 1598 1392 duo
1617 1347 1934 1408 figiiificasle,in
1955 1357 2019 1400 rei
2037 1353 2167 1402 fidem
2188 1357 2288 1405 affe-

68 1418 212 1454 rentes
237 1404 398 1451 Matth.
419 1419 436 1449 1
453 1418 492 1461 Ι,
514 1415 560 1450 2.
635 1402 880 1463 lnstzudida
906 1403 952 1450 bi
963 1405 1193 1470 siponjam
1211 1403 1427 1466 fhinaim,
1454 1415 1608 1468 πέμψας
1629 1417 1949 1473 &immanem-&v
1967 1423 2075 1478 adri,
2109 1425 2286 1471 mittens

68 1473 160 1520 duo
181 1469 500 1531 discipulorum
518 1469 625 1523 eius,
653 1467 726 1514 ubi
750 1469 962 1524 videmus,
987 1469 1033 1518 bi
1051 1473 1293 1531 exprimere
1313 1475 1395 1521 Gr.
1417 1483 1495 1525 δύο.
1554 1478 1942 1530 Reverendiffimus
1963 1486 2220 1548 Benzelius,
2241 1492 2287 1537 in

66 1553 217 1586 annot.
246 1537 300 1582 ad
326 1537 444 1581 hunc
465 1534 635 1590 locum,
668 1535 922 1592 arbitratur,
952 1553 1094 1596 quum
1115 1540 1146 1582 B
1168 1540 1212 1582 in
1234 1557 1526 1588 numerorum
1546 1543 1831 1604 designatione
1852 1549 1942 1595 duo
1965 1552 2164 1613 denotet,
2182 1558 2285 1603 -Go-

63 1605 194 1653 thum
218 1620 297 1665 per
315 1599 360 1650 bi
377 1602 455 1661 (ita
471 1603 594 1646 enim
613 1600 641 1650 b
659 1601 827 1648 literam
849 1603 1039 1649 Gothice
1070 1605 1329 1665 appellatam
1351 1605 1502 1666 fuisse,
1531 1609 1687 1670 censet)
1715 1630 1794 1674 par
1813 1613 2130 1678 discipulorum
2151 1612 2283 1684 desig-

65 1688 168 1718 nare
195 1667 388 1716 voluisse.
457 1667 540 1712 Sed
568 1684 645 1712 cur
674 1668 777 1714 huic
806 1670 1012 1729 opinioni
1043 1673 1188 1715 minus
1211 1670 1498 1732 subscribam,
1527 1677 1622 1722 duae
1652 1679 1856 1738 inprimis
1887 1679 2051 1732 faciunt
2075 1690 2282 1737 rationes.

64 1739 215 1784 Prima
236 1733 308 1792 est,
338 1734 459 1794 quod
478 1734 677 1795 exemplo
699 1732 850 1792 careat,
879 1738 1008 1781 etiam
1030 1738 1075 1782 in
1101 1737 1183 1782 alia
1203 1756 1462 1800 quacunque
1484 1744 1653 1802 lingua,
1676 1744 1915 1794 litterarum
1938 1765 1988 1796 ut
2008 1749 2201 1800 formam
2222 1757 2288 1807 ita,

64 1802 493 1851 &nomenclaturam
513 1800 564 1845 ad
585 1817 822 1848 numerum
844 1803 1062 1861 quendam
1091 1804 1375 1852 indicandum
1402 1804 1530 1854 fuisse
1558 1809 1824 1862 adhibitum.
1895 1817 1965 1861 Sic
1991 1817 2088 1866 licet
2112 1819 2158 1868 ib
2177 1826 2284 1871 vin·

62 1882 197 1920 trum
218 1867 465 1928 scripserint
486 1865 785 1928 Moesogothi,
808 1872 838 1918 i.
860 1887 898 1915 e.
925 1884 980 1917 12
1002 1887 1163 1927 annOS,
1188 1872 1373 1933 legentes
1391 1890 1533 1921 tamen
1557 1874 1709 1941 tualif
1717 1884 2081 1938 pronuntiarunt:
2115 1890 2281 1948 pariter

61 1953 86 1987 e
112 1935 322 1985 hlaibans
340 1933 426 1998 jall
455 1933 483 1980 b
494 1928 686 1998 fiskans
714 1935 849 1981 valuit
877 1936 1114 1997 (quinque)
1137 1953 1271 1997 panes
1298 1940 1339 1986 ἃ
1359 1941 1492 2002 (duo)
1517 1939 1674 2002 pisces:
1712 1943 1781 1990 sed
1802 1949 2035 2007 probabile
2053 1952 2133 2010 est,
2166 1957 2280 2002 inter

59 2003 298 2065 legendum
327 2018 400 2047 eos
413 2000 538 2063 fimf
552 2000 594 2046 δι
622 2011 767 2048 twans
785 1999 1060 2059 substituisse,
1085 2006 1463 2063 quemadmodum
1484 2007 1661 2069 constat,
1691 2013 1869 2060 Graecos
1887 2032 1977 2061 non
2004 2023 2141 2078 >dmm
2159 2026 2278 2082 ὤθεε,

61 2063 235 2124 dixisse,
267 2067 344 2113 ubi
373 2078 463 2127 τρεῖς
491 2067 557 2111 vel
579 2082 663 2112 tres
683 2069 801 2114 viros
821 2069 1008 2115 indicare
1026 2071 1275 2121 voluerunt.
1299 2072 1303 2076 ’
1346 2074 1572 2136 Alteram,
1601 2094 1697 2136 quae
1716 2078 1849 2127 huius
1867 2082 1954 2128 loci
1977 2085 2182 2143 inprimis
2204 2085 2276 2145 est,

60 2137 162 2184 inde
187 2148 316 2195 peto,
351 2132 472 2191 quod
493 2130 568 2177 sub
589 2150 767 2193 cognata
793 2132 903 2180 facie
922 2135 966 2181 ὅ(-
982 2135 1290 2196 significatione
1312 2157 1395 2186 vox
1415 2142 1564 2188 eadem
1581 2141 1627 2191 bz·
1646 2161 1727 2204 per
1745 2143 1844 2192 suos
1866 2147 1981 2195 casus
2000 2150 2042 2195 δι
2066 2150 2275 2206 flexiones

59 2219 150 2248 non
181 2217 281 2246 raro
307 2198 408 2245 alias
438 2199 482 2243 in
512 2199 659 2244 codice
690 2216 894 2261 argenteo
926 2217 1138 2248 occurrat.
1206 2206 1279 2251 Ba
1309 2208 1427 2251 enim
1448 2210 1553 2255 Luc.
1581 2223 1620 2264 1,
1643 2213 1677 2254 6
1696 2211 1738 2255 ὅτ
1757 2225 1801 2269 7.
1821 2212 1955 2259 ambo
1976 2217 2162 2272 denotat,
2196 2215 2276 2283 baj

56 2269 193 2316 idem.
229 2270 338 2327 Cap.
354 2272 397 2321 6,
418 2279 494 2323 39.
565 2266 658 2329 Baj
685 2270 731 2313 in
754 2269 896 2333 dalga
925 2266 1167 2332 drfflfimd,
1198 2271 1329 2316 ambo
1355 2273 1400 2317 in
1426 2269 1599 2319 foveam
1631 2276 1804 2324 cadunt.
1882 2280 1930 2323 In
1962 2280 2107 2327 dativo
2137 2282 2271 2336 baim.

56 2338 168 2395 Cap,
184 2342 322 2394 8‚42.
359 2333 496 2380 Baim
513 2329 703 2398 fragaf,
730 2333 946 2380 ambobus
967 2334 1145 2383 remisit.
1195 2337 1418 2384 Interdum
1439 2356 1523 2384 vox
1541 2340 1612 2386 illa
1634 2359 1657 2387 a
1677 2340 1761 2387 fine
1780 2360 2067 2404 augmentum
2097 2351 2272 2412 accipit,

57 2401 190 2463 quod,
213 2400 339 2458 quale
361 2398 421 2454 sit,
440 2400 635 2460 exempla
655 2397 886 2446 adferenda
904 2401 1215 2449 monstrabunt.
1253 2407 1358 2454 Luc.
1375 2421 1415 2463 ς,
1433 2413 1503 2465 38.
1522 2406 1697 2472 bajoths
1709 2407 2000 2473 gafastanda,
2018 2414 2148 2462 ambo
2169 2434 2269 2464 con-

54 2468 293 2516 servantur.
321 2465 479 2513 Matth.
495 2480 538 2522 9,
566 2480 643 2528 17.
670 2466 899 2530 bajothum
915 2467 1233 2535 gabaitgada,
1263 2486 1448 2531 utraque
1478 2472 1714 2524 servantur.
1792 2476 2123 2538 Anglosaxones
2150 2486 2268 2532 varie

54 2550 208 2582 vocem
234 2532 342 2578 hanc
363 2533 421 2577 ita
440 2530 610 2579 auflam
631 2531 817 2581 efferunt
835 2533 903 2591 ba,
929 2535 989 2584 ba
1006 2548 1112 2591 twa,
1141 2535 1212 2593 bu,
1231 2534 1386 2585 butum
1407 2540 1449 2584 ὅ(
1466 2538 1606 2606 bytta.
1643 2559 1684 2590 v.
1702 2545 1809 2590 Luc.
1824 2551 1865 2600 6,
1884 2553 1959 2602 38.
2026 2547 2268 2598 Alemanni

51 2600 180 2651 bediu
203 2599 244 2646 ἃ
261 2596 403 2646 beidu.
447 2648 451 2651 ,
471 2599 543 2647 Isl.
564 2599 687 2656 bade,
710 2601 824 2646 unde
844 2603 1019 2648 tandem
1040 2601 1207 2649 emer-fit
1228 2602 1424 2651 nostrum
1444 2605 1570 2664 hiare,
1599 2608 1640 2653 ὅ(
1662 2610 1817 2658 Germ.
1837 2610 1968 2661 bride.
1992 2637 1997 2641 ’
2017 2614 2153 2676 Qiod
2172 2616 2264 2665 lati-

51 2680 217 2715 norum
235 2663 380 2719 ambo,
405 2680 489 2724 pro
512 2682 602 2724 quo
625 2666 767 2712 Graeci
785 2666 897 2727 ἄμφω
917 2669 1071 2725 dixere,
1092 2670 1294 2716 ultimam
1314 2669 1517 2735 syllabam
1538 2673 1642 2719 huic
1660 2676 1800 2721 eidem
1820 2677 1955 2723 radici
1975 2679 2140 2742 debeat,
2158 2683 2262 2730 alias

50 2732 281 2782 verisimile
308 2730 436 2777 nobis
461 2731 624 2787 videri,
655 2728 861 2787 fatemur,
890 2736 1096 2796 inprimis
1127 2753 1266 2795 quum
1293 2754 1366 2784 am
1397 2741 1441 2784 in
1471 2741 1682 2800 veteribus
1702 2743 1860 2802 linguis
1881 2747 2076 2803 paritatis
2095 2747 2138 2794 ὅ(
2157 2767 2261 2796 con-

51 2799 291 2847 iunstionis
311 2814 413 2844 nota
433 2795 667 2844 fitrambo
686 2813 831 2847 autem
850 2799 912 2845 nil
931 2801 1049 2848 aliud
1069 2801 1289 2863 fignificat,
1308 2821 1441 2863 quam
1462 2806 1574 2852 duos
1596 2805 1774 2853 iunE‘tim
1800 2805 1980 2868 sumtos,
2012 2829 2153 2874 eoque
2173 2813 2260 2863 dif.

44 2865 213 2916 -fertab
240 2881 450 2928 uter-que,
485 2864 606 2925 quod
634 2881 708 2913 eos
737 2863 970 2929 separatim
993 2866 1141 2921 sumit.
1209 2870 1260 2919 Id
1291 2888 1394 2920 vero
1420 2887 1628 2934 tanquam
1651 2872 1861 2937 singulare
1889 2877 1940 2924 ad
1962 2879 2112 2928 locum
2130 2877 2258 2943 supra

2076 2947 2256 3000 citatum
