2473 3380
245 151 350 205 DE
382 151 799 205 NOMINIBUS
835 151 1218 214 SUBSTANT.
1253 152 1361 210 ET
1381 151 1666 212 ADIECT.
1690 155 2148 217 MOESOGOTH.
2216 182 2316 230 227

91 257 289 320 Kaurn,
316 281 531 326 granum,
566 267 673 316 Luc..
696 281 738 328 3,
766 280 839 329 17.
875 266 1157 321 &'Kaurn0,
1189 264 1345 316 Marc.
1364 280 1411 327 4,
1435 280 1514 328 3¹·
1667 315 1670 319 ,
1713 319 1716 321 ,

92 326 239 387 Man,
273 332 361 390 vir,
396 328 439 380 81
458 347 623 380 manna
703 335 829 380 Prius
859 334 1041 393 quidem
1070 335 1114 379 in
1138 331 1192 383 C.
1217 345 1428 399 argenteo
1458 351 1546 380 non
1575 336 1816 396 reperitur,
1851 335 1924 386 sed
1951 357 2139 403 arguunt
2168 353 2314 395 tamen

85 413 90 417 ·
162 394 274 444 hanc
292 400 411 445 vocis
429 401 783 446 terminationem
806 416 893 446 tam
915 398 1033 447 casus
1054 402 1098 446 in
1116 399 1328 448 schemate
1346 397 1569 446 adferendi
1584 438 1594 458 ,
1630 419 1763 462 quam
1786 404 1988 453 derivata.

93 457 402 523 Nahtamats,
435 483 576 522 coena,
612 467 654 512 ὃ(
680 469 786 513 item
813 464 1138 531 nahtam-atjus.
1173 467 1285 515 Luc.
1312 479 1387 526 17,
1411 474 1451 521 8.
1509 470 1566 514 Et
1595 468 1674 516 hac
1701 470 1871 518 ratione
1891 471 2022 522 lefflo
2050 475 2212 528 codicis
2231 496 2315 529 ar-

157 535 305 593 gentei
323 535 484 580 erroris
504 531 758 590 absolvitur,
794 551 834 585 v,
860 532 1080 598 Ulplzilas
1098 535 1180 581 illu
1218 549 1261 581 ν.
1294 550 1342 594 Ρ.
1363 539 1444 593 76.

90 592 242 653 Runs,
278 597 442 657 fluxus,
476 618 500 646 a
520 605 708 655 rinnau,
743 617 936 657 cut-rere,
972 616 1170 659 manare,
1206 597 1265 646 est
1284 597 1509 645 masculini
1530 603 1723 665 generis,
1758 618 1807 651 ut
1827 619 1947 666 patet
1974 625 2024 654 ex
2045 608 2150 660 Luc.
2172 620 2216 670 8,
2234 628 2317 676 44.

157 660 372 724 habetque
392 667 437 711 in
458 666 652 726 obliquis
673 662 827 722 ranis,
862 662 994 713 ranass
1030 683 1071 718 v.
1090 682 1174 730 43.
1246 667 1315 711 Sic
1336 681 1531 722 urruns,
1562 668 1682 725 quod
1714 670 1850 718 modo
1874 675 2059 734 exitum,
2093 678 2233 727 modo
2258 682 2315 728 12.

158 730 343 789 trinam,
392 732 530 780 modo
561 735 692 779 etiam
721 734 934 779 orientem
964 748 1108 789 notat,
1157 734 1203 777 in
1232 730 1318 777 dat.
1352 727 1448 777 casu
1478 731 1676 794 urrunfiz
1706 736 1852 785 habet.
1904 740 2056 793 Marc.
2077 756 2123 804 7,
2157 759 2230 804 19.
2275 747 2319 800 ὅ(

153 795 335 846 ΜαιιΙι.
357 805 400 856 8,
427 813 445 846 1
464 813 498 847 t.
531 800 577 845 in
597 796 832 846 accusativo
853 813 1039 847 urruns.
1075 815 1118 847 v.
1146 796 1327 862 Ulplzil.
1347 797 1429 846 illu
1468 814 1506 846 ν.
1527 814 1574 859 Ρ.
1596 813 1674 859 27.
1743 802 1865 851 Idem
1885 821 1989 852 vero
2009 805 2164 860 femin.
2183 829 2317 874 agno-

154 859 289 909 scitur
325 865 435 913 Luc.
454 879 498 922 9,
519 879 593 929 3¹·
665 865 789 911 Valet
814 864 901 912 hoc
929 867 1062 911 etiam
1091 865 1143 911 de
1174 880 1361 927 cognato
1382 880 1586 929 garum,
1618 863 1795 923 forum,
1830 872 1952 928 quod
1984 875 2028 919 in
2056 879 2185 924 tertio
2218 877 2315 927 casu

150 924 377 995 garzcrfiu‘
397 930 539 980 habet.
576 933 686 981 Luc.
707 946 751 992 7,
776 946 856 994 32.
926 932 983 981 In
999 935 1228 999 garunsai
1232 931 1490 998 sitandam,
1525 933 1571 978 in
1597 929 1701 981 foro
1724 931 1992 997 sedentibuS,
2025 940 2111 995 dat,
2137 944 2197 1005 pl,
2220 961 2313 1012 ga..

157 997 334 1063 rwfim.
370 996 540 1049 Matth.
569 1002 613 1054 6,
638 1013 687 1048 2.
818 1011 821 1013 ’
938 1025 941 1027 “
1130 1003 1132 1005 ’

89 1057 252 1123 stain,
286 1064 419 1124 lapis,
454 1062 632 1113 Matth.
653 1077 729 1125 27,
753 1070 831 1114 60.
868 1064 911 1112 &
940 1063 1046 1112 alibi
1066 1063 1244 1127 saepius.
1313 1060 1639 1125 Infrequentius
1657 1082 1762 1114 vero
1781 1067 2002 1135 eststaina
2018 1069 2225 1124 feminini
2243 1095 2313 1140 ge·

159 1131 297 1185 neris,
332 1130 452 1191 quod
485 1131 706 1177 invenitur
745 1128 856 1197 Joh.
893 1147 966 1190 11,
1000 1140 1075 1192 38.
1147 1131 1315 1181 staina
1342 1129 1612 1198 ufarlagida
1638 1148 1720 1181 vas
1745 1132 1906 1197 ufaro,
1941 1137 2053 1199 lapis
2081 1143 2313 1204 impolitus

157 1210 248 1242 erat
273 1194 421 1257 super0
486 1195 600 1246 Edv.
621 1200 734 1261 Lye,
757 1201 816 1244 *in
844 1199 1052 1244 addendis
1079 1198 1134 1245 ad
1161 1199 1269 1246 edit.
1290 1199 1633 1256 Benzelianam,
1668 1216 1716 1247 ut
1744 1201 1830 1249 hoc
1855 1203 2139 1255 heteracliton
2166 1212 2311 1275 evitet,

154 1263 416 1309 vertendum
439 1261 602 1320 censet,
637 1265 680 1311 ὅ(
707 1265 843 1326 lapidi
863 1263 1196 1327 superimposita
1215 1280 1317 1313 erat.
1374 1265 1457 1311 Sed
1480 1265 1622 1312 turbat
1642 1267 1687 1313 id
1709 1264 1892 1317 sensum.

91 1327 248 1378 Sunno
262 1366 272 1386 ,
306 1327 394 1384 sol,
430 1329 607 1376 duobus
625 1331 769 1378 modis
790 1333 834 1376 in
855 1333 904 1379 C.
923 1338 978 1380 Α.
1001 1328 1261 1385 infleffitur,
1297 1346 1347 1377 ut
1363 1327 1629 1379 femininum
1640 1330 1811 1397 fimno,
1826 1331 2050 1398 stannons,
2077 1338 2121 1386 ὅ(
2137 1355 2188 1390 ut
2206 1359 2309 1391 neu.

158 1412 276 1442 trum
281 1394 455 1459 sunno,
469 1393 686 1460 stennins.
755 1399 919 1444 Prioris
939 1395 1189 1458 exemplum
1209 1397 1419 1444 habemus
1438 1396 1616 1447 Matth.
1642 1415 1681 1459 5,
1698 1413 1779 1460 45.
1851 1401 2158 1468 Untefimnon
2172 1404 2309 1471 fiina

156 1460 454 1518 urranneith,
498 1464 603 1522 quia
630 1461 765 1509 solem
795 1462 920 1510 suum
954 1465 1063 1510 oriri
1092 1460 1217 1523 facit:
1260 1462 1517 1510 Posterioris
1560 1465 1716 1515 Marc.
1735 1481 1783 1528 4,
1812 1474 1857 1516 6.
1922 1469 1988 1517 At
1998 1468 2174 1535 fimnin
2199 1474 2309 1528 than

155 1528 486 1586 urrinnandin,
518 1526 610 1575 sole
627 1544 773 1576 autem
792 1532 977 1579 oriente.
1047 1526 1144 1578 Cfr.
1176 1532 1282 1590 Cap.
1308 1535 1382 1586 16,
1404 1546 1450 1579 2.
2166 1535 2169 1537 ’

94 1594 450 1660 Thizedangara'i
471 1594 512 1643 ὅ(
537 1594 884 1661 Thiudangard.
955 1597 1079 1642 Prius
1098 1594 1227 1642 habet
1246 1599 1294 1646 C.
1316 1599 1371 1644 A.
1401 1594 1617 1657 posterius
1635 1598 2072 1664 Guelpherbytanus.

92 1657 339 1713 Uultultlza
366 1661 408 1708 <Sc
429 1659 669 1719 unhultlzo,
701 1661 917 1711 diabolus.
987 1663 1193 1708 Occurrit
1215 1677 1404 1722 utroque
1424 1662 1586 1719 modo,
1622 1662 1692 1710 sed
1713 1666 1792 1713 illo
1821 1683 1925 1719 cum
1955 1667 2227 1735 discrimine,
2257 1690 2307 1724 ut

153 1729 244 1777 hoc
270 1725 480 1778 feminini
508 1730 676 1789 generis
710 1725 802 1774 fere
831 1727 902 1785 sit,
947 1727 1055 1774 illud
1092 1725 1321 1774 masculini
1353 1746 1393 1776 e.
1421 1745 1465 1788 g.
1505 1726 1794 1779 Unhulchons
1823 1748 2056 1799 managos,
2091 1739 2309 1790 daemonia

156 1795 316 1853 multa,
349 1795 505 1843 Marc.
532 1810 577 1845 1.
595 1809 670 1858 34.
730 1794 796 1842 Sa
817 1792 1064 1851 unhultlza,
1098 1794 1206 1841 Luc.
1224 1808 1272 1854 4,
1294 1809 1370 1856 35.
1413 1794 1558 1843 Fram
1577 1793 1780 1845 thamma
1802 1797 2068 1863 unhultlzin,
2103 1821 2138 1850 c.
2161 1814 2204 1864 8,
2229 1823 2307 1865 29,

156 1861 244 1909 Sed
267 1861 509 1923 negligitur
528 1861 573 1907 id
599 1877 744 1907 tamen
768 1859 1031 1908 discriminis
1065 1857 1245 1910 Matth.
1267 1875 1312 1919 9,
1337 1875 1415 1925 33·
1491 1860 1755 1914 Usdribans
1781 1864 1920 1915 vartlz
1947 1866 2188 1932 unhultlw,
2223 1877 2308 1922 eie-

154 1925 278 1974 Cium
296 1925 383 1973 fuit
403 1927 694 1984 daemonium,
728 1927 807 1974 ubi
829 1925 1077 1976 usdribans
1095 1929 1264 1988 generis
1281 1925 1342 1973 est
1363 1923 1600 1982 masculini,

90 1993 251 2060 Vilja‚
285 1994 504 2049 voluntas,
531 1991 698 2056 'saepius
717 1995 921 2045 occurrit.
990 1994 1073 2041 Sed
1099 1994 1241 2058 viljan
1267 1994 1387 2055 apud
1405 1991 1688 2059 Johannem‚
1723 2014 1817 2059 cap.
1839 2004 1880 2054 6,
1907 2015 1991 2062 40.
2029 2002 2106 2049 nisi
2125 2000 2240 2052 forte
2260 2006 2309 2053 id

157 2059 440 2108 tribuendum
460 2061 567 2106 vitio
585 2059 880 2123 amanuensiS,
911 2062 977 2109 uti
996 2062 1088 2109 veri
1105 2061 1279 2108 videtur
1297 2059 1433 2108 simile
1444 2097 1456 2119 ,
1491 2066 1845 2113 terminationem
1864 2065 1975 2114 hanc
1993 2085 2042 2114 ex
2064 2068 2188 2118 versu
2206 2089 2310 2134 pro-

158 2129 274 2175 xime
293 2127 561 2188 praecedente
581 2129 820 2180 retinentis.

294 2218 409 2262 Not.
444 2229 494 2276 4.
562 2211 751 2272 Nescio,
784 2232 839 2261 an
865 2214 953 2262 huc
981 2211 1137 2262 referri
1167 2214 1320 2262 debeat
1347 2215 1518 2266 mitads
1544 2217 1586 2264 ἃ
1616 2216 1833 2281 mitadj0‚
1870 2219 2092 2282 mensura,
2135 2228 2240 2289 vaip
2270 2226 2312 2274 ὅ(

93 2282 219 2349 vipja
243 2299 428 2338 corona,
463 2297 541 2327 nec
562 2296 653 2328 non
676 2283 929 2342 peregrina,
964 2298 1159 2341 quorum
1188 2284 1440 2329 varietatem
1476 2301 1565 2330 non
1594 2299 1681 2331 tam
1713 2284 1831 2343 usui,
1866 2304 1998 2347 quam
2020 2289 2312 2339 inconstantiae

93 2345 390 2410 metaphrastae
412 2349 457 2394 in
476 2347 701 2393 vocabulis
721 2350 890 2394 civitate
917 2366 1005 2394 non
1036 2348 1207 2394 donatis
1235 2346 1428 2409 affignes.
1498 2350 1625 2399 Edv.
1648 2350 1739 2411 Lye
1771 2369 2008 2401 numerum
2038 2354 2156 2403 bunc
2184 2375 2311 2422 auget

15 2457 21 2461 ,
92 2434 198 2473 voce
219 2412 419 2478 laisbinr,
453 2412 681 2471 'doftrinffi
718 2431 847 2474 quam
870 2416 999 2461 etiam
1019 2414 1201 2478 laiseino
1226 2415 1441 2476 appellari
1466 2418 1613 2467 tradit.
1671 2421 1838 2478 Locus,
1866 2419 1942 2465 ubi
1963 2419 2042 2467 sub
2070 2421 2313 2482 posteriore

92 2480 241 2530 forma
266 2484 478 2539 occurrit,
514 2478 573 2527 est
595 2481 750 2529 Marc.
778 2495 817 2538 1,
841 2493 920 2543 27.
957 2479 1121 2547 Qt'zosp
1149 2478 1389 2544 lassinosb
1408 2484 1544 2546 niujo.
1616 2486 1784 2531 Verum
1809 2486 2034 2533 enimvero
2055 2486 2113 2533 est
2133 2489 2312 2552 [astino

93 2565 242 2596 revera
260 2550 474 2608 genitivus
500 2547 704 2608 pluraliS,
727 2543 804 2594 sed
825 2549 905 2607 qui
925 2548 1095 2610 duplici
1115 2548 1357 2594 Gothismo
1386 2548 1482 2595 heic
1512 2551 1764 2602 involvitur.
1832 2554 1960 2598 Prior
1978 2551 2058 2610 est,
2094 2556 2217 2614 quod
2237 2574 2313 2605 no-

46 2615 53 2622 *
94 2632 198 2662 men
218 2611 442 2672 insequens
463 2615 508 2659 in
528 2615 722 2674 genitivo
748 2614 912 2676 plurali
930 2630 1146 2676 ponatur,
1181 2616 1244 2660 uti
1264 2613 1348 2679 qho
1367 2615 1591 2673 mizdono,
1626 2634 1721 2677 quae
1750 2634 1928 2668 merces,
1963 2617 2124 2668 Mattb
2171 2636 2214 2682 ς,
2235 2629 2317 2683 46.

91 2682 178 2732 All
194 2680 374 2746 bagme,
405 2680 514 2726 Luc.
538 2694 580 2740 3,
602 2694 649 2737 9.
687 2682 835 2727 omnis
855 2681 1002 2728 arbor.
1072 2683 1130 2729 ln
1147 2678 1280 2744 sicma
1298 2676 1470 2737 haimo,
1511 2684 1619 2734 Luc.
1645 2698 1720 2745 17,
1753 2699 1830 2731 12.
1867 2685 1912 2729 in
1940 2685 2085 2744 aliqua
2111 2690 2317 2749 regionez

93 2749 222 2805 alter,
261 2745 383 2807 quod
401 2744 590 2791 abundet
609 2763 860 2807 pronomen
870 2745 948 2811 st).
1016 2749 1142 2794 Paria
1159 2746 1357 2808 exempla
1378 2748 1475 2794 vide
1494 2750 1649 2799 Marc.
1672 2764 1714 2808 3,
1746 2757 1828 2805 280
1865 2750 1973 2800 Luc.
1998 2765 2044 2811 4,
2066 2755 2114 2802 6.

298 2835 411 2882 Not.
452 2845 494 2892 5.
561 2831 868 2880 Indeclinabile
894 2832 954 2880 est
976 2831 1193 2895 fadrein,
1231 2849 1454 2897 parentes,
1498 2837 1623 2883 cuius
1652 2836 1847 2883 eiusdem
1877 2839 2047 2896 generis
2075 2835 2195 2888 forte
2220 2839 2318 2891 sunt

97 2905 300 2971 quinein,
333 2897 573 2956 femineus,
609 2897 651 2946 ὅτ
662 2903 849 2966 gumein
860 2937 874 2960 ,
904 2899 1138 2973 masculus·

1242 2987 1390 3041 Ff2
2143 3000 2147 3002 ’
2202 2998 2313 3045 Not.
