2473 3380
543 143 688 199 ,SPE
693 143 868 196 CIME
872 143 926 194 N
955 140 1330 195 GLOSSARII
1364 140 1774 194 ULPHILANI.
2183 157 2211 193 2
2216 158 2291 218 93η

129 257 238 305 dum
263 256 527 319 stipendIum
555 257 740 303 militare
766 256 993 317 fignificat,
1028 255 1282 304 affinitatem
1309 254 1494 315 habere,
1527 257 1574 303 in
1597 257 1798 303 animum
1826 252 2001 316 induxi,
2035 254 2277 314 quemlibet

129 339 273 370 tamen
294 323 371 370 suo
393 323 608 370 abundare
627 323 745 369 sensu
775 322 899 370 facile
920 322 1135 385 passurus·

60 387 246 448 Annali,
282 408 400 450 ergo,
458 393 581 435 Extat
598 387 707 454 Jolz.
734 406 750 437 ι
765 398 808 446 3,
838 406 914 454 37.
953 392 994 437 ὅ(
1014 390 1060 438 h.
1084 391 1110 436 l.
1131 405 1314 437 tantum.
1368 387 1542 455 Junius
1562 385 1731 436 divisim
1753 386 1987 448 legendum
2006 403 2131 449 putat
2151 403 2211 437 an
2231 386 2275 436 &

126 456 238 513 nula,
271 456 347 503 nisi
368 454 426 504 ult
453 456 700 517 euphonice
718 457 833 503 forte
855 457 1082 503 adiiciatur
1107 458 1161 502 ad
1181 473 1353 503 morem
1373 475 1543 514 eorum,
1565 472 1661 517 quae
1680 455 1903 501 attulimus
1930 451 2059 515 supra
2089 471 2137 515 p.
2158 467 2274 515 2750

57 543 267 606 Ansjam‚
303 560 402 590 cum
423 544 709 589 mercenariis.
743 547 837 590 Vox
856 545 945 590 haec
964 544 1122 604 legitur
1141 544 1260 603 apud
1282 541 1680 599 Stiernlzielmium,
1709 539 1782 589 sed
1803 542 1912 588 vitio
1933 540 2277 593 amanuensium.

123 612 173 655 In
192 607 288 670 ipso
309 610 454 656 codice
475 612 606 667 enim,
638 609 937 671 impreffisque
957 602 1405 671 exemplis‚’scribitur
1423 612 1633 674 Asnjam,
1654 610 1700 656 id
1721 608 1844 669 quod
1864 606 1941 655 suo
1961 608 2062 656 loco
2083 609 2130 655 in
2148 605 2274 655 Glos-
2348 663 2353 667 ,

90 678 95 687 ”
123 673 430 725 ΐει·.8ῑὲει·)ιῆ.
451 678 651 727 occurrit.

53 745 122 791 An
159 760 202 798 s,
238 745 390 804 gratia.
410 743 566 795 Alem.
591 743 717 808 Εηβ.
734 759 776 790 ν.
797 738 931 794 Ottfr.
959 746 1012 792 L.
1034 746 1092 792 Π.
1116 760 1153 792 c.
1177 755 1219 793 2.
1238 761 1280 793 v.
1301 757 1382 805 74.
1415 743 1566 791 Sueth.
1595 745 1681 806 ast,
1711 741 1777 789 vel
1799 743 1891 805 07ss
1910 741 1964 788 ab
1984 755 2129 798 unna,
2163 740 2272 788 bene

120 828 302 870 cupere,
337 810 456 870 quod
479 812 526 856 in
552 808 772 871 praeterito
800 827 859 859 an
888 809 1031 857 habet.
1095 813 1394 857 Communem
1421 811 1613 857 radicem
1635 807 2010 859 Stiernlzielmius'
2028 807 2108 855 esse
2130 807 2270 855 credit

119 893 180 936 μη
201 876 308 925 Ebr.

185 948 340 1010 Atyiai
359 940 635 1007 audahafta,
667 945 802 1006 gratia
822 942 973 1003 plena,
1008 942 1265 990 occurrit'in
1285 943 1540 991 salutatione
1558 943 1774 1003 angelica,
1808 943 1922 991 Luc.
1948 958 1990 1001 Ι,
2012 950 2092 997 28,
2138 944 2276 987 Com-

256 1009 447 1072 pofirum
468 1010 522 1056 ab
542 1014 684 1074 ansts,
721 1010 840 1070 quod
861 1010 998 1056 modo
1018 1010 1282 1067 habuimus,
1316 1011 1359 1056 &
1387 1012 1588 1075 audags,
1618 1010 1762 1069 dives,
1796 1009 1973 1064 beatum,
2009 1007 2131 1068 quod
2158 1004 2273 1053 infra

252 1079 454 1126 occurrit.
478 1086 483 1089 “
513 1077 686 1124 Ultima
705 1094 805 1137 pars
824 1079 944 1123 vocis
965 1078 1319 1123 terminationem
1347 1075 1589 1133 constituit,
1624 1077 1755 1122 etiam
1775 1075 1908 1123 hodie
1937 1076 1984 1121 in
2011 1075 2172 1136 linguis
2190 1072 2270 1136 bo·

252 1142 442 1189 realibus
462 1142 540 1190 usu
560 1145 798 1205 vigentem:
836 1159 885 1189 ut
905 1146 950 1189 in
968 1140 1250 1209 manhaflr'g,
1286 1145 1442 1191 virilis.
1478 1160 1518 1189 v.
1539 1140 1849 1191 Stiernllielm.

50 1207 255 1268 Anthar,
284 1210 417 1267 alius,
451 1212 605 1259 Germ.
628 1209 801 1267 Ander,
838 1208 1020 1271 Anglos.
1042 1207 1190 1265 other,
1226 1211 1338 1261 Gall,
1364 1222 1519 1271 autre,
1556 1210 1789 1271 Gra-agn,
1826 1226 1850 1256 a
1878 1224 1963 1269 qua
1991 1223 2099 1255 voce
2130 1219 2270 1252 cetera

115 1275 367 1339 profluxisse
385 1292 580 1324 autumat
603 1276 892 1340 casaubonus
917 1278 1076 1337 aliique
1103 1295 1146 1326 v.
1173 1276 1468 1328 chlzteras.

18 1388 20 1391 ·
52 1371 205 1417 Anza,
239 1365 371 1415 trabs.
423 1365 495 1411 Est
515 1368 662 1426 utique
686 1365 804 1413 idem
827 1365 1050 1422 vocabuli,
1084 1383 1132 1411 ac
1156 1365 1354 1412 nostrum
1374 1370 1424 1414 (is
1441 1365 1515 1413 lsl.
1538 1381 1605 1413 as.
1662 1361 1824 1410 Nescio
1845 1380 1970 1420 vero,
2005 1376 2158 1409 utrum
2178 1360 2270 1407 Go-

115 1433 183 1480 thi
203 1435 334 1478 exteri
354 1449 383 1481 n
408 1433 674 1489 addiderint,
709 1451 760 1478 an
783 1431 916 1478 nostri
938 1430 1186 1481 demserinr.
1245 1433 1414 1480 Accidit
1433 1434 1548 1479 idem
1570 1432 1666 1477 voci
1680 1434 1790 1496 gris,
1825 1430 1947 1490 quod
1973 1430 2046 1476 alii
2059 1443 2192 1495 gans,
2212 1426 2269 1472 la-

117 1501 196 1547 tini
213 1497 358 1565 gausa
383 1498 586 1548 efferunt.
637 1502 865 1545 Fennones
888 1499 1110 1559 hodieque
1138 1500 1306 1547 trabem
1323 1497 1457 1564 argsas
1476 1500 1649 1556 dicunt,
1682 1496 1784 1544 teste
1800 1495 2031 1563 JusleniO·

49 1569 376 1634 Apanstaulus,
417 1565 662 1627 apostolus:
702 1570 796 1612 Vox
819 1568 986 1614 Graeca.

48 1639 233 1701 Aquam,
267 1631 444 1681 securis,
497 1636 599 1678 Hoc
620 1631 902 1679 instrumento
924 1648 971 1679 ut
993 1633 1110 1679 nulla
1131 1651 1235 1694 gens
1259 1651 1401 1680 carere
1427 1636 1594 1695 potuit,
1631 1634 1691 1680 ita
1718 1649 1880 1679 nomen
1900 1628 2015 1679 forte
2036 1648 2059 1676 a
2077 1628 2271 1691 primur*

116 1701 201 1747 diis
220 1702 387 1760 generis
408 1700 590 1745 humani
611 1701 672 1753 ei,
708 1699 736 1745 fi
766 1702 912 1745 minus
944 1701 1083 1754 idern,
1119 1717 1160 1745 at
1189 1700 1325 1747 fimile
1356 1716 1500 1748 tamen
1527 1699 1701 1755 manfit,
1737 1716 1817 1759 per
1844 1699 2075 1760 plerasque
2105 1696 2272 1755 linguas

114 1767 325 1832 Scythicae
343 1768 543 1827 originis.
596 1763 826 1826 Anglosax.
860 1763 1013 1829 Acafi½
1049 1782 1177 1823 acas,
1211 1783 1293 1822 ex,
1329 1768 1469 1815 Alem.
1499 1782 1631 1822 acus,
1666 1762 1816 1827 aclzfh,
1850 1769 1966 1824 Ang.
1986 1780 2077 1817 ax,
2112 1762 2272 1808 Germ.

95 1847 226 1891 axt,
261 1835 340 1882 Gr.
359 1840 474 1893 ὀξίνη,
508 1835 600 1884 Lat.
620 1832 763 1895 asela,
799 1833 914 1882 Gall.
937 1830 1097 1891 bache,
1133 1837 1248 1884 Suet.
1269 1848 1391 1901 yxa,
1428 1833 1504 1882 1s1.
1527 1841 1609 1883 bx.
1645 1829 1724 1883 cfr.
1745 1829 1940 1896 Hicleqfiz·
1961 1845 2101 1893 gram.
2119 1826 2269 1873 Theo-

7 1903 43 1917 ³
110 1900 227 1953 tisca.
293 1936 303 1947 .
348 1916 405 1948 ·1.

44 1972 221 2026 Aram,
253 1915 432 2029 ξςιΞΙὲε,
469 1967 574 2016 Luc.
604 1982 679 2030 17,
704 1982 780 2032 37.
844 1963 1015 2016 Tharei
1034 1967 1116 2015 leik
1123 1966 1311 2030 jaindre
1324 1963 1544 2033 galisand
1544 1963 1615 2030 fik
1631 1982 1775 2015 arans
1786 1956 1800 2022 ,'
1833 1968 1864 2014 i.
1885 1983 1924 2014 e.
1943 1963 2020 2012 ubi
2041 1960 2178 2009 fuerit
2205 1977 2271 2008 ca·

114 2037 266 2092 daver,
303 2035 405 2081 illuc
436 2035 614 2081 veniunt
648 2035 690 2080 ὃ(
716 2035 885 2095 aquilae.
943 2034 1161 2079 Ulrimam
1187 2051 1363 2090 vocem,
1400 2050 1544 2093 quami
1570 2031 1807 2079 desiderant
1839 2031 2036 2093 exempla
2067 2025 2267 2094 Ulpln‘loe

112 2104 248 2160 edita,
282 2117 484 2162 argenteo
503 2102 642 2148 codici
667 2100 850 2147 restituit
869 2101 933 2148 Cl.
956 2099 1167 2166 Solberg.
1228 2103 1320 2164 Qu
1339 2102 1508 2160 linguas
1529 2100 1725 2146 boreales
1747 2100 1924 2155 callent,
1958 2111 2142 2149 norunt,
2169 2111 2266 2140 ean-

112 2170 278 2216 demin
305 2167 481 2229 fingulis
508 2165 600 2214 fere
632 2166 710 2214 usu
739 2166 933 2228 vig-uiss'e.
992 2165 1221 2228 Anglosax.
1240 2184 1372 2222 earn,
1409 2166 1553 2214 Alem.
1579 2181 1660 2224 ar,
1689 2182 1801 2223 arn,
1836 2166 1957 2226 Belg.
1987 2161 2152 2217 arenci,
2187 2159 2266 2209 Isl.

110 2253 210 2286 orn.
245 2254 288 2284 v.
321 2239 410 2281 Ans
439 2232 533 2295 saga
561 2252 610 2296 p·
630 2250 712 2297 94.
748 2234 910 2281 Gothis
938 2250 1027 2282 ant.
1065 2250 1166 2281 arn.
1224 2232 1420 2279 Historia
1450 2234 1710 2281 Alexandri
1730 2235 1798 2280 M.
1830 2232 2011 2295 Rythm,
2067 2229 2183 2278 Han
2207 2229 2269 2274 ἄν

105 2307 273 2371 girug,
292 2301 560 2366 fhmsulten
592 2318 697 2350 arn.
755 2301 1060 2351 Gudmundus
1080 2301 1272 2348 Andreae
1303 2298 1523 2355 observat,
1554 2300 1663 2345 hanc
1689 2315 1814 2344 avem
1842 2297 1962 2358 apud
1980 2296 2151 2343 Eddam
2183 2308 2266 2360 are

111 2372 222 2428 dici,
258 2370 461 2428 illiusque
481 2369 670 2414 radicem
691 2367 771 2414 esse
795 2368 932 2426 credit
951 2367 1056 2416 Ebr.
1086 2389 1165 2421 ῃ-ιςς
1184 2365 1421 2428 discerpsit,
1454 2367 1570 2412 unde
1598 2382 1689 2414 :iv-m
1715 2363 1808 2423 leo,
1845 2366 1922 2425 qui
1943 2365 2054 2410 inter
2078 2361 2264 2422 quadru-

109 2439 238 2500 pedia
267 2436 384 2483 idem
415 2434 495 2490 est,
530 2437 651 2495 quod
671 2437 783 2482 inter
802 2435 991 2481 volatilia
1019 2435 1177 2496 aquila.
1234 2434 1410 2499 Junius
1436 2450 1541 2480 vero
1571 2430 1709 2478 censet
1739 2431 1932 2492 aquilam
1959 2433 2179 2487 xm'igoxviv
2206 2426 2267 2472 ita

114 2504 244 2550 dicia
265 2504 344 2553 Gr.
364 2503 445 2564 ἕςνις
462 2503 575 2548 avis:
612 2495 699 2549 cfr.¹
716 2500 993 2554 Waclzterus
1013 2504 1058 2547 in
1077 2519 1115 2550 v.
1137 2506 1218 2553 Ar.

43 2576 322 2654 Arbaidj‘an,
355 2588 572 2647 laborare,
605 2589 672 2640 Al.
701 2589 923 2646 arkesten,
961 2591 1108 2637 Sueth.
1135 2587 1312 2638 arbeta.
1367 2588 1551 2645 Islandi,
1588 2589 1666 2649 qui
1694 2585 1836 2655 erfida
1863 2586 2037 2641 dicunt,
2072 2583 2267 2644 primam

113 2661 235 2705 vocis
255 2654 446 2705 formam
468 2657 616 2702 ceteris
636 2655 898 2704 constantius
926 2658 1036 2703 mihi
1065 2655 1269 2703 videntur
1297 2653 1529 2704 retinuisse,
1586 2658 1730 2710 Nam,
1764 2670 1814 2700 ut
1842 2654 2044 2699 omittam
2072 2649 2265 2695 aliorum

111 2720 397 2772 coniesturas.
420 2739 525 2781 quas
548 2723 592 2768 in
613 2740 751 2770 unum
772 2722 968 2771 colleffias
987 2723 1104 2784 apud
1130 2719 1428 2773 Waclzterum
1450 2721 1668 2767 offendere
1691 2721 1800 2770 licet⁴
1823 2735 1905 2780 ego
1924 2716 2126 2771 arbitror,
2144 2729 2264 2760 com-

92 2789 307 2852 positum
329 2786 409 2834 effe
431 2787 691 2835 vocabulum
707 2789 760 2837 ab
779 2787 922 2854 arf&
942 2791 1042 2850 ἐάας
1080 2806 1270 2850 quorum
1290 2804 1529 2847 utrumque
1550 2785 1731 2833 strifiiim
1754 2782 1999 2847 explicabo,
2050 2779 2152 2844 A²f=
2178 2776 2266 2842 ers}

110 2873 269 2920 praeter
297 2857 379 2902 alia
405 2869 525 2901 notat
554 2871 729 2914 quoque
759 2860 802 2902 in
831 2856 1000 2920 scriptis
1022 2856 1243 2903 islandicis
1274 2855 1490 2908 laborem,
1527 2851 1785 2902 molestiam.
1839 2850 1992 2915 Knytl.
2012 2852 2052 2896 S.
2084 2864 2114 2909 p
2161 2855 2266 2907 138.

111 2926 276 2976 Ervin
295 2937 401 2973 mun
421 2937 519 2971 mer
536 2920 637 2971 that
655 2926 793 2983 veita,
826 2936 876 2973 at
890 2940 1049 2991 ganga
1071 2927 1179 2973 imot
1188 2925 1302 2981 yclzr
1321 2920 1486 2971 badum
1498 2937 1515 2970 .·
1549 2918 1722 2968 difficile
1745 2920 1792 2967 id
1810 2919 1923 2967 mihi
1941 2913 2089 2970 fuerit,
2111 2916 2181 3027 ires
2193 2913 2263 2959 ad-

1172 2992 1214 3037 O
1233 3006 1260 3037 o
1278 3004 1325 3053 -3
2079 2998 2154 3029 ver
2179 2996 2257 3028 um
