2473 3380
901 94 1027 146 DE
1066 95 1447 149 ULPHILA.
2259 108 2292 158 7

1092 211 1130 267 §-
1204 211 1264 257 11.

197 296 266 344 De
277 291 462 344 'auam-e
484 292 642 343 nostrae
657 291 880 352 verfionis‚
901 310 987 356 pro
1008 293 1191 342 instituti
1211 298 1379 344 ratione
1397 293 1600 356 differui3
1630 296 1718 342 iam
1741 295 1793 343 de
1820 295 1981 361 lingua
2005 296 2097 342 eius
2118 291 2285 357 paucis-

59 358 162 409 fima
183 361 459 412 memorabo,
527 362 578 409 1d
596 362 780 423 planum
799 361 842 409 ἃ
863 360 1157 408 indubitatum
1178 362 1259 419 est,
1296 360 1500 424 scriptam
1520 361 1600 409 effe
1620 380 1668 409 ea
1685 363 1832 423 lingua
1843 397 1855 419 ‚
1890 376 1974 422 qua
1991 377 2094 407 tunc
2112 377 2286 422 tempo·

55 429 117 475 tis
139 428 280 475 Gothi
313 430 360 474 in
382 429 542 493 Moefia
565 427 822 483 utebantur3
857 425 929 474 sed
954 428 1096 486 qualis
1126 428 1198 474 illa
1223 426 1382 486 fuerit,
1416 447 1505 476 non
1534 428 1898 491 perindeliquet,
1967 427 2087 472 Mihi
2122 425 2199 486 a),
2234 442 2285 474 ut

52 491 198 541 statim
219 510 316 555 quae
334 511 431 542 mea
453 511 576 541 mens
593 493 666 552 fit,
697 508 956 554 expromam
969 523 983 548 ,
1017 494 1151 539 mixta
1168 495 1342 541 videtur
1360 512 1408 540 ex
1428 495 1577 556 lingua
1595 511 1750 542 eorum
1768 509 1975 552 materna,
2008 492 2199 539 Gothica
2219 494 2284 538 ni·

53 560 247 617 mirum,
283 575 416 621 atque
446 562 581 608 veteri
604 560 854 606 Teutonica
884 560 978 604 eius
1008 559 1146 619 gentis
1174 559 1351 621 lingua,
1383 560 1437 607 ad
1465 577 1600 621 quam
1619 579 1668 608 ex
1689 560 1891 610 Scandia
1916 560 1984 607 vel
2006 559 2202 608 Scanzia
2233 558 2287 620 b)

54 626 329 687 migrarunt,
362 626 409 689 c)
445 641 651 674 maternae
670 623 755 671 suae
782 623 1035 684 quotidiana
1054 622 1361 674 consuetudine
1390 627 1509 673 haud
1537 644 1719 689 parvam
1741 643 1911 687 partem
1939 622 2282 673 commiscuisset

55 708 158 739 cum
186 690 349 740 constet
374 711 425 740 ex
458 688 713 741 confusione
732 690 776 736 ὅ(
794 691 1005 737 mixtione
1026 692 1245 751 gentium,
1280 693 1389 738 oriri
1415 709 1594 752 quoque
1623 688 1922 740 confusionem
1950 692 1993 740 ὅ(
2019 692 2282 739 mixtionem

54 757 312 819 linguarum
331 758 409 820 d).
478 760 695 819 Linguam
714 771 860 803 autem
879 771 1121 802 maternam
1140 757 1397 804 Gothorum
1417 757 1834 820 propinquissimam
1853 757 1979 805 fuiffe
1999 754 2151 822 priscae
2160 759 2282 806 Teu·

52 825 233 884 tonicae,
268 824 323 872 ab
345 842 480 886 eaque
500 841 614 880 non,
651 820 728 870 nisi
747 822 833 868 levi
854 818 1061 878 dialeao,
1094 820 1347 884 discrepasse
1366 825 1606 883 credimus;
1639 827 1741 885 quia
1769 827 1997 885 utriusque
2030 823 2280 872 communis

49 905 193 938 mater
219 886 308 938 fuit
327 886 542 955 Scythica
573 891 632 951 e).
705 885 1007 952 Walafridus
1026 887 1195 938 Strabo
1218 889 1413 936 eruditus
1440 888 1574 936 seculi
1606 892 1714 936 noni
1732 889 1919 953 scriptor
1939 893 2021 949 ait,
2044 887 2112 953 f)
2181 891 2279 936 Go-

51 955 157 1005 thos
177 973 231 1003 eo
253 972 459 1020 tempore
478 973 568 1017 quo
589 955 643 1002 ad
664 952 797 1001 fidem
816 952 977 1001 Christi
998 951 1202 1015 perdusti
1232 952 1353 1011 sunt,
1385 956 1430 1001 in
1451 957 1711 1004 Graecorum
1741 958 1982 1018 provinciis
2002 971 2277 1003 commoran-

53 1036 139 1080 tes,
174 1022 399 1083 nostrum,
433 1023 480 1070 id
499 1020 581 1080 est,
615 1019 921 1068 Theodiscum
938 1018 1186 1067 sermonem
1214 1020 1428 1070 habuisse.
1497 1022 1704 1070 Concedo
1731 1022 1935 1079 libenter,
1968 1019 2095 1069 fuiss'e
2112 1019 2277 1068 sermo·

50 1105 154 1136 nem
172 1087 478 1137 Theodiscum
498 1085 574 1135 seu
592 1087 937 1147 Germanicum3
971 1088 1040 1134 cui
1058 1101 1203 1133 tamen
1222 1087 1361 1134 multa
1379 1105 1427 1134 ex
1448 1088 1657 1136 idiomate
1678 1089 1872 1136 Gothico
1892 1090 2107 1136 immixta.
2163 1090 2276 1134 Non

52 1156 174 1201 enim
200 1154 429 1203 verisimile
457 1153 543 1216 est,
572 1153 751 1201 Gothos
778 1157 911 1201 armis
940 1153 984 1201 ὅ(
1012 1153 1130 1200 bello
1157 1154 1368 1213 intentos,
1403 1155 1460 1201 ita
1490 1153 1638 1202 dixiffe
1667 1155 1834 1202 idioma
1863 1156 2191 1212 Teutonicum,
2225 1170 2276 1201 ut

52 1219 250 1282 linguam
273 1219 392 1270 suam
421 1223 550 1284 plane
579 1218 816 1269 amiserint.
888 1223 987 1266 Nec
1018 1218 1215 1276 obnitar,
1244 1218 1274 1266 fi
1297 1237 1410 1281 pure
1427 1220 1663 1275 Gothicam
1694 1220 1884 1268 nostram
1913 1220 2149 1268 verfionem
2171 1236 2273 1284 cum

50 1287 278 1335 nonnullis
308 1289 366 1355 g)
396 1289 538 1336 dicere
560 1287 678 1334 velis,
744 1290 911 1333 Verum
932 1301 1095 1348 puram*
1109 1283 1394 1334 solummodo
1424 1287 1465 1334 8(
1493 1287 1705 1335 illibatam
1729 1289 1968 1349 intelligere
1998 1287 2126 1334 debes
2151 1304 2173 1332 a
2193 1286 2272 1332 lin-

50 1353 150 1414 guis
171 1353 321 1400 alienis
341 1355 384 1401 ὃ(
402 1356 601 1410 exoticis;
636 1370 726 1400 non
747 1369 852 1399 vero
880 1354 1012 1400 etiam
1041 1370 1065 1399 a
1098 1354 1287 1402 mixtura
1313 1353 1474 1417 linguae
1493 1356 1773 1415 Teutonicae,
1809 1371 1942 1418 quam
1972 1354 2036 1402 nil
2055 1351 2132 1404 nisx
2148 1354 2269 1402 tenui

50 1416 236 1468 dialesto
258 1433 282 1468 a
302 1421 494 1470 Gothica
524 1417 726 1482 differre,
760 1418 951 1469 diximus
968 1434 1103 1468 antea.
1790 1435 1794 1439 ⁴

101 1551 142 1605 a)
168 1552 278 1594 Idem
302 1552 414 1595 sentit
437 1553 731 1596 consultissimus
750 1554 934 1595 Loccenius
960 1555 1069 1608 antiq.
1097 1551 1311 1608 Sueogothic.
1333 1569 1376 1608 p.
1404 1569 1450 1596 m.
1469 1572 1527 1600 τοι.
1581 1559 1645 1603 Cl.
1668 1556 1882 1599 Rudheckius
1906 1556 2004 1599 mihi
2028 1556 2267 1602 memoravit,

149 1606 295 1648 idioma
309 1607 487 1649 versionis
503 1608 636 1649 nostrae
653 1623 720 1662 per
737 1610 867 1650 omnia
884 1607 960 1650 fere
983 1611 1184 1649 convenire
1204 1621 1294 1647 cum
1313 1607 1496 1651 hodierna
1510 1612 1645 1665 lingua
1662 1611 1931 1652 Dalecarlorum
1957 1614 1998 1652 in
2017 1613 2147 1652 Suecia.

73 1722 75 1726 Α
99 1676 143 1728 b)
168 1681 224 1720 Ita
241 1682 388 1734 ubique
402 1681 607 1731 Jornandes
625 1681 766 1723 scribit.
821 1680 1089 1722 scandinaviam
1113 1684 1273 1737 appellat
1291 1683 1425 1724 Plinius
1440 1684 1496 1725 lib.
1515 1685 1587 1727 IV.
1616 1685 1789 1729 naturalis
1811 1687 1929 1739 histor.
1957 1700 1984 1727 c.
2002 1702 2044 1737 ¹3-
2074 1688 2110 1726 ὅ(
2130 1686 2166 1725 C.
2190 1685 2267 1736 Ju-

153 1731 220 1772 lius
235 1733 370 1774 Solinus
381 1733 588 1787 polyhistor.
609 1746 682 1787 cap.
710 1734 798 1776 ΧΧ.
820 1734 1056 1788 Gangaviam.
1110 1739 1216 1776 Nam
1235 1739 1285 1776 ita
1309 1751 1378 1790 pro
1396 1736 1647 1787 scandinavia,
1674 1740 1886 1791 legendum
1912 1738 2178 1793 manuscriptis
2204 1752 2266 1778 co·

154 1786 307 1827 dicibus
323 1788 611 1836 convenienter,
637 1789 707 1840 qui
724 1801 858 1828 omnes
875 1786 954 1827 fine
971 1788 1175 1829 variatione
1192 1790 1333 1829 habent
1353 1790 1559 1844 Ganga-eia,
1589 1805 1660 1832 ceu
1685 1794 1952 1835 animadvertit
1968 1792 2118 1834 illustris
2133 1790 2267 1836 Salmae

139 1837 238 1892 st'us,
264 1853 351 1894 pag.
371 1853 441 1892 232.
484 1838 640 1880 Plinian.
658 1843 843 1883 exercitat.
860 1841 898 1879 in
913 1840 953 1881 C.
973 1840 1061 1890 Jul.
1079 1841 1183 1882 Solin.
1195 1842 1410 1895 polyhistora
1428 1858 1503 1897 cap.
1527 1844 1638 1885 XIII.

102 1910 138 1963 c)
160 1915 221 1955 De
237 1926 315 1967 qua
329 1913 562 1966 migratione
578 1914 751 1954 videatur
770 1914 1036 1954 celeberrimus
1053 1915 1179 1956 noster
1195 1916 1491 1970 Scleurzfletfilzius
1515 1916 1588 1970 diff
1602 1918 1642 1958 de
1657 1918 1758 1959 rebus
1774 1919 1953 1974 Sueogoth.
1970 1919 2054 1972 thel?
2073 1919 2113 1958 V
2111 1918 2187 1962 111.
2203 1918 2265 1958 vel

77 1990 80 1993 -
150 1964 359 2017 Jornandes
377 1968 560 2006 Loccenius
577 1969 689 2018 antiq.
709 1966 889 2020 Sueogotlz.
907 1966 929 2005 l.
948 1982 970 2006 1.
988 1981 1018 2007 c.
1036 1981 1059 2006 1.
1071 1982 1159 2022 pag.
1178 1984 1210 2021 5.
1265 1972 1361 2010 Non
1379 1970 1592 2011 audiendus
1610 1971 1662 2011 est
1682 1971 1866 2025 Philippus
1879 1971 2058 2011 Cluverius
2072 1971 2263 2012 Dantisca-

149 2031 247 2067 nus,
273 2019 330 2059 vir
346 2019 516 2071 alioquin
533 2019 770 2059 dofflssimus
794 2023 829 2058 ὅ(
849 2018 955 2058 valde
974 2019 1201 2070 industrius,
1231 2024 1299 2075 qui
1316 2037 1361 2063 eo
1380 2023 1497 2071 libro,
1521 2037 1640 2076 quem
1666 2024 1706 2063 de
1728 2029 1874 2077 antiqua
1891 2022 2088 2063 Germania
2105 2037 2262 2076 compo·

147 2069 244 2119 filit,
273 2083 390 2124 negat
405 2085 426 2112 e
445 2070 592 2110 Scandia
609 2071 771 2124 egressos
791 2071 863 2112 effe
883 2072 1050 2113 Gothos:
1079 2076 1188 2115 cuius
1209 2077 1431 2127 opinionem
1459 2079 1602 2129 prolixe
1627 2077 1837 2118 confutavit
1860 2077 2113 2118 nobiliffimus
2127 2079 2261 2117 Stiern·

145 2123 259 2164 hielm.
279 2126 321 2166 in
338 2122 579 2164 Anticluverio
586 2123 656 2176 fico
671 2124 836 2177 differtat.
856 2125 887 2166 I.
906 2124 946 2163 de
970 2124 1203 2178 antiqutffima
1227 2131 1264 2166 in
1282 2128 1429 2167 Scandia
1442 2130 1525 2183 fide
1542 2129 1760 2178 Gothorum,
1775 2141 1831 2170 ut
1850 2133 1883 2170 ὅ(
1901 2134 1979 2171 Dn.
2000 2130 2143 2170 Carolus
2160 2129 2261 2169 Lun-

146 2175 226 2215 dius
243 2179 281 2216 in
298 2175 537 2229 Zamohcifiw
551 2190 628 2230 cap.
647 2178 700 2216 ΙΙ.
730 2190 822 2218 cum
845 2178 986 2231 quibus
1002 2179 1154 2228 confer,
1178 2180 1206 2220 fi
1226 2181 1366 2234 placet,
1396 2183 1538 2236 Hrgon·
1559 2183 1664 2224 Grot.
1673 2182 1866 2237 prolegom.
1883 2183 2031 2235 historiae
2048 2182 2258 2230 Gothorum,

148 2228 394 2269 Vaudalorum
411 2228 457 2271 Εἴ
478 2228 626 2284 Longob.
646 2229 776 2270 Olaum
797 2233 837 2270 V
833 2231 974 2270 erelium
992 2237 1029 2269 in
1044 2236 1133 2272 uotis
1147 2232 1233 2283 Jac.
1253 2234 1449 2274 Reenhielm
1475 2237 1576 2290 regni
1590 2234 1716 2275 Sueciae
1739 2250 1809 2275 non
1831 2239 1882 2275 ita
1899 2236 2042 2290 pridem
2067 2237 2259 2290 antiquarii

145 2280 198 2321 ad
210 2295 289 2335 cap.
309 2282 418 2323 XIX.
435 2282 585 2334 lustoriae
606 2282 688 2322 Olai
712 2283 966 2338 Trygguafimii
981 2282 1022 2323 ab
1041 2284 1140 2324 Oddo
1157 2287 1319 2327 monacho
1330 2287 1486 2327 ¹cona’itae.

90 2351 135 2408 d)
163 2354 281 2408 ond
296 2356 510 2396 luculenter
525 2357 732 2409 probatum
750 2357 856 2397 dedit
872 2357 1063 2408 Jolzannes
1080 2358 1237 2400 Bodatus
1254 2361 1400 2402 metlzod.
1420 2361 1538 2412 histor.
1556 2376 1634 2415 cap.
1655 2363 1725 2404 IX.
1779 2363 1901 2404 Testis
1920 2377 2075 2418 quoque
2092 2363 2144 2405 est
2163 2367 2256 2406 ἵνα·

142 2406 300 2461 lafridus
314 2408 460 2458 Strabo,
486 2408 637 2450 Gothos
654 2421 867 2450 maternam
883 2412 1063 2463 linguam
1080 2425 1160 2452 non
1176 2412 1326 2455 servasse
1343 2416 1451 2468 plane
1467 2417 1712 2457 immutatam
1723 2446 1733 2466 ,
1762 2417 1858 2457 dum
1875 2420 1980 2458 enim
1999 2422 2071 2468 ait,
2102 2417 2255 2461 Gothos

144 2474 192 2501 eo
209 2471 400 2514 tempore,
429 2476 507 2515 quo
526 2463 574 2503 ad
590 2462 708 2503 fidem
729 2463 868 2504 Christi
891 2465 1064 2518 perduffi
1080 2464 1186 2515 sunt,
1214 2468 1255 2508 in
1272 2466 1496 2508 Graecorum
1523 2472 1727 2522 provinciis
1757 2483 2057 2515 commorantes,
2083 2472 2255 2513 Theodi·

140 2512 250 2553 scum
265 2513 480 2556 sermonem
498 2516 687 2565 habuisse,
714 2531 796 2557 non
815 2517 970 2558 obscure
988 2517 1196 2571 fignificat,
1221 2521 1386 2569 Gothos,
1413 2533 1619 2575 antequam
1638 2525 1678 2563 in
1698 2522 1923 2565 Graecorum
1942 2527 2152 2578 provincias
2171 2541 2253 2579 per-

139 2569 334 2616 venerint,
361 2570 479 2609 alium
491 2599 501 2617 ,
530 2583 648 2623 quam
665 2569 926 2611 Theodiscum
944 2571 1113 2612 habuiss‘e
1132 2573 1315 2625 loquendi
1331 2576 1508 2616 modum.
1564 2577 1672 2617 Idem
1690 2578 1848 2618 ulterius
1866 2578 2112 2619 confirmatur
2129 2593 2178 2620 ex
2193 2594 2252 2628 eo,
2274 2629 2279 2631 Δ

149 2620 259 2672 quod
274 2621 387 2662 refert
405 2622 452 2663 de
469 2621 611 2663 Gothis
633 2624 674 2663 V
669 2623 790 2664 erelius
806 2624 1038 2679 Runograph.
1054 2624 1175 2664 Scand.
1189 2641 1276 2681 pag,
1299 2642 1351 2678 14.
1381 2629 1433 2669 ita
1450 2630 1647 2682 inquiens:
1671 2630 1758 2670 illud
1772 2630 1926 2672 Gothicas
1936 2641 2034 2688 genti
2057 2632 2097 2672 ab
2113 2635 2257 2687 antiqno

147 2674 185 2712 in
198 2674 398 2726 ttumfifit,
423 2687 465 2714 ut
482 2675 593 2715 aliena
597 2675 674 2728 suis
717 2677 926 2728 raefirrent,
952 2691 1021 2716 non
1036 2690 1114 2717 tam
1138 2692 1258 2718 rtrum
1285 2680 1545 2733 domesticarum
1559 2683 1730 2736 fhstidio,
1759 2699 1865 2737 quam
1888 2699 1928 2724 ut
1953 2700 2006 2725 eos
2029 2685 2254 2734 devincirent,

142 2738 228 2777 quos
247 2727 392 2778 imperio
401 2726 624 2779 premebant.
685 2690 784 2769 finde
802 2729 943 2769 devifiis
961 2744 982 2768 a
990 2730 1030 2783 fi·
1043 2730 1207 2783 populis,
1235 2747 1293 2772 nec
1309 2733 1394 2786 leges
1398 2733 1505 2786 fiius,
1536 2748 1596 2774 nec
1613 2737 1767 2790 linguam
1783 2750 1845 2776 aut
1861 2737 1993 2778 litteras
2011 2738 2251 2788 obtrudebant‚

134 2776 202 2830 fid
218 2776 288 2830 ipfi
295 2778 430 2832 linguas
446 2778 492 2820 89³
508 2779 642 2820 litteras
657 2794 775 2821 eorum
793 2781 1024 2835 addifiebant,
1055 2796 1096 2821 ut
1114 2782 1258 2836 obfiquii
1268 2785 1332 2838 fiii
1354 2800 1423 2826 non
1440 2789 1625 2837 poeniteret
1641 2791 1746 2828 viHos
1757 2818 1767 2838 ,
1796 2804 1872 2830 cum
1888 2791 1982 2831 nulla
1999 2793 2172 2832 viffiorum
2184 2790 2251 2843 fit-

167 2829 260 2869 erbia
276 2831 325 2870 ad
337 2832 378 2871 id
389 2832 585 2872 exuendum
601 2833 882 2877 admonerentur.
935 2836 1106 2876 Eandem
1122 2836 1347 2878 sententiam
1365 2840 1565 2889 roborant,
1595 2855 1678 2894 quae
1695 2842 1868 2883 laudatus
1885 2842 2089 2897 dofltffimus
2108 2848 2166 2884 vir
2182 2847 2248 2886 ha·

165 2893 202 2929 et
219 2884 261 2927 in
269 2884 486 2940 predatione
501 2886 622 2932 ineatis
637 2885 705 2933 seu
727 2888 827 2932 lexici
841 2887 973 2943 liuguae
991 2892 1117 2934 veteris
1134 2888 1446 2945 Svttlzo-Scandicae
1470 2905 1550 2934 ante
1579 2892 1753 2938 biennium
1777 2896 1926 2951 Upfizliae
1947 2911 2053 2952 opera
2069 2901 2129 2941 Cl.
2140 2899 2248 2995 szff

200 2968 203 2971 .
2162 2966 2195 2992 cc
2230 2966 2244 2993 t
