2473 3380
1001 99 1043 149 L
1085 98 1141 151 U
1170 96 1213 151 C
1242 99 1325 152 AE.
1363 149 1365 151 ,
1427 99 1470 151 I·
1774 95 1779 99 ¹
2229 131 2287 178 41

85 194 163 268 37⁶,
182 205 257 271 sbi
297 203 489 255 haitada
512 204 679 269 stairo.
725 215 831 255 unte
859 191 950 275 nist
970 209 1028 273 a)
1065 227 1153 260 un·
1232 223 1312 272 37.
1347 213 1466 258 rilis:
1514 214 1619 272 quia
1660 231 1752 262 non
1792 214 1851 263 est
1892 219 2155 281 impoffibile
2197 226 2295 273 Deo

73 314 90 334 ξ
145 270 350 338 mahteig
379 267 522 338 gotha
554 270 607 333 b)
1295 279 1546 338 quidquam

80 346 157 402 38.
199 337 372 387 ainhun
422 336 625 387 waurde.
700 337 841 404 quath
893 338 1006 391 than
1056 358 1150 393 ma·
1230 351 1309 403 38.
1342 345 1601 395 verborum.
1671 347 1794 395 Dixit
1828 363 1974 396 autem
1995 353 2162 403 Mariaz
2197 372 2293 404 ecce

145 409 265 453 riam
304 405 351 470 c)
370 402 452 467 stzi
484 403 618 453 tlziwi
645 404 695 465 d)
717 407 898 470 fanins.
927 411 968 470 e)
1001 413 1148 457 wair-
1293 408 1412 457 serva
1445 414 1660 469 Domini,
1697 416 1864 460 eveniat
1903 416 2017 462 mihi
2057 416 2294 469 secundum

142 471 245 520 that*
262 476 347 520 mis
373 470 420 518 bi
446 470 642 520 waurda
668 471 1037 538 theinamma.s)
1069 476 1145 538 jah
1292 477 1421 523 verba
1452 492 1552 528 tua:
1595 479 1639 526 &
1670 478 1850 527 disceffit
1877 480 1932 529 ab
1960 499 2009 528 ea
2041 486 2229 546 angelus,

143 539 303 599 galaith
332 535 462 584 fairra
489 538 573 583 izai
597 535 634 584 sa
653 542 838 600 aggiluS.

74 619 153 669 42.
189 601 440 669 ufzvopida.
464 606 522 670 g)
566 603 639 652 St.
666 607 908 667 uswopida.
1217 619 1299 666 42.
1335 607 1620 656 Exclamavit.

79 687 157 734 54.
177 670 379 717 'hleibida
398 667 544 716 israela
562 668 802 738 thiumagu
814 671 868 736 h)
891 669 1139 720 seinamma.
1222 686 1301 731 54.
1337 670 1613 723 Refocillavit
1642 674 1853 730 ‚Istae-lem
1890 675 2113 729 famulum
2151 680 2293 733 suum.

2215 766 2290 809 59·

124 839 161 888 a)
191 836 275 886 Nist
293 849 360 888 pro
378 837 414 873 ni
431 834 492 887 ιβ,
520 834 698 887 scriptura
713 835 815 887 apud
836 834 1138 876 Moeso-Gothos
1154 835 1410 884 ammissum,
1439 851 1476 876 v,
1496 838 1594 886 Jun.
1622 839 1688 879 lib.
1714 842 1777 880 cit.
1802 855 1841 893 p.
1871 843 1961 886 268.
1989 857 2062 884 nee
2087 850 2289 901 peregrina

176 890 418 935 Alamannis,
464 898 510 926 ut
525 888 717 939 colligitur
733 901 779 926 ex
798 887 1117 928 observationibus
1136 888 1388 936 Sclnlterz‘arzis,
1420 890 1536 931 Gloss.
1566 893 1680 932 Teut.
1707 907 1741 944 p.
1766 893 1790 930 6
1799 905 1856 943 34.

123 942 161 994 b)
190 939 386 982 Observari
404 950 590 989 meretur,
619 940 725 990 quod
742 941 915 992 Ulphilas
934 941 997 980 hic
1020 941 1197 980 excludat
1214 941 1658 994 praepofitionemfram‚
1687 958 1804 996 quam
1824 951 1955 986 tamen
1971 948 2060 988 alibi
2078 951 2202 992 videre
2222 953 2286 997 est.

175 997 296 1036 Marc.
320 1006 380 1040 10,
401 1004 463 1038 27.
503 991 769 1033 Manifestum
790 994 910 1045 igitur
931 995 1108 1040 arbitror,
1138 1005 1342 1046 utramque
1360 996 1595 1035 locutionem
1626 996 1916 1039 Moeso-Gothis
1933 1002 1973 1039 in
2005 1001 2074 1041 usu
2101 1003 2208 1044 fuisse
2224 1019 2288 1045 un-

176 1048 328 1139 }nahgf'g
342 1044 463 1134 gotluls,
483 1046 531 1092 ἅ,
550 1044 866 1134 τινινηαιΙῗεὶὲῙῨαηι
875 1046 998 1100 gotha,
1027 1046 1139 1086 fimili
1154 1048 1310 1095 ratione,
1339 1061 1381 1088 ac
1395 1048 1577 1088 nostrates
1598 1049 1789 1103 hodieque
1804 1052 2037 1105 loquuntur:
2068 1056 2148 1109 gud
2160 1064 2289 1112 ombge-

189 1102 202 1138 i
317 1102 393 1136 omb'
417 1099 497 1134 eit
549 1102 590 1135 ὄν
630 1111 688 1138 u.
1344 1098 1358 1110 “

119 1151 154 1203 c)
181 1097 797 1241 agatariamdffim‘gnjigugtrumque
816 1151 914 1190 recle
931 1152 964 1191 ἃ
985 1150 1127 1191 ufitate.
1159 1153 1449 1197 wantecedent.
1469 1152 1558 1194 vers.
1583 1166 1648 1202 27.
1670 1168 1729 1203 30.
1753 1168 1810 1206 34.
1837 1158 1907 1197 ἃς.
1936 1172 2097 1212 quaeque
2129 1173 2284 1205 annota-

176 1217 302 1244 vimus
320 1215 340 1242 a
433 1214 505 1241 arc.
531 1215 543 1240 1
635 1233 645 1242 .
686 1232 688 1235 s

120 1257 174 1307 d)
206 1257 342 1303 Thiwi,
371 1255 504 1294 ancilla
516 1283 524 1302 ,
549 1214 659 1303 ssei-321,
686 1255 775 1308 Joh.
797 1262 858 1302 18,
879 1268 938 1301 17.
960 1270 1035 1295 vox
1052 1255 1227 1295 eiusdem
1244 1255 1395 1296 familiae
1414 1271 1457 1296 ac
1476 1254 1601 1299 Alam.
1622 1259 1721 1309 thim,
1750 1263 1784 1301 ὃ(
1804 1261 1962 1314 Anglos.
1979 1262 2136 1313 theom,
2160 1266 2281 1317 chima,

172 1310 299 1355 idem,
328 1309 422 1346 item
438 1307 520 1344 theu
530 1335 540 1353 ‚
565 1307 687 1352 theov,
714 1308 920 1354 theovmam
948 1308 1094 1355 servus,
1131 1310 1391 1360 mancipium,
1429 1309 1699 1353 Moeso-Goth.
1727 1313 1839 1362 thius,
1875 1315 2062 1363 famulus,
2099 1321 2196 1359 Luc.
2218 1322 2281 1369 16,

177 1374 237 1409 13,
262 1360 417 1401 Cambr.
434 1360 576 1400 Britan.
594 1371 718 1406 navas,
749 1359 865 1398 idem.
920 1361 990 1400 His
1012 1358 1166 1398 Verelius
1186 1361 1226 1398 in
1249 1372 1414 1401 annotat.
1439 1364 1486 1401 ad
1506 1366 1658 1402 Her-var.
1674 1367 1760 1417 Sag.
1791 1381 1827 1417 p.
1855 1376 1941 1409 118-
1959 1368 2064 1407 addit
2079 1370 2280 1414 Moscovit.

173 1412 325 1462 Σιεῲιιι,
343 1411 525 1450 'nostrum
549 1409 638 1453 dc'ilza
656 1412 689 1449 8(
710 1409 799 1457 tbio,
837 1412 990 1459 ancilla,
1027 1424 1100 1450 nec
1122 1425 1202 1450 non
1221 1412 1281 1451 Isl.
1309 1413 1389 1462 thy,
1425 1413 1570 1461 servus,
1604 1415 1723 1463 serva,
1757 1419 1793 1456 ὃ(
1823 1417 1988 1466 tlziadnr,
2023 1424 2277 1475 mancipatus:

177 1467 386 1516 omniaque
406 1463 549 1502 derivat
567 1463 626 1501 vel
646 1475 667 1501 a
684 1462 798 1514 vena,
824 1465 937 1511 tima,
967 1465 1104 1512 thieua,
1132 1463 1290 1516 Anglos.
1309 1465 1503 1517 theotmari,
1527 1466 1679 1516 servire,
1708 1470 1786 1516 vel,
1814 1480 1859 1509 ut
1877 1470 1988 1510 docet
2006 1472 2097 1512 ibid.
2125 1488 2163 1527 p.
2188 1478 2276 1526 164.

176 1532 198 1558 a
214 1518 308 1566 thia,
339 1522 519 1555 coercere.
571 1514 732 1564 Junius,
758 1529 827 1568 pro
846 1529 952 1556 more
968 1516 1096 1564 solito,
1125 1516 1173 1556 ad
1189 1518 1314 1558 fontes
1331 1530 1471 1570 graecos
1487 1533 1696 1568 recurrens,
1725 1522 1879 1562 deducit
1896 1536 1917 1562 a
1940 1523 2031 1572 θέω,
2059 1538 2188 1575 ctu-ro,
2216 1530 2275 1571 vel

171 1585 194 1612 ι
210 1567 306 1618 θύω,
332 1567 542 1621 impetuose
560 1567 678 1608 ferorz
708 1568 814 1620 quod
832 1569 1059 1610 famulantes
1078 1570 1178 1610 ultro
1196 1572 1369 1623 citroque
1388 1571 1582 1622 cui-fitam,
1621 1576 1657 1614 ὃ(
1676 1575 1873 1614 commissa
1888 1574 1956 1615 fibi
1972 1580 2108 1618 munia
2125 1579 2274 1622 strenue

175 1623 280 1664 obire
300 1621 432 1662 solent.
484 1621 563 1661 Alii
578 1621 648 1660 alia
665 1621 831 1662 tradunt.
858 1636 895 1663 v.
917 1623 1063 1663 Wacht.
1081 1623 1146 1664 lib.
1168 1626 1234 1666 cit·
1251 1638 1288 1676 p.
1308 1631 1399 1668 281.
1422 1626 1458 1665 ὅ(
1476 1625 1599 1678 Spegel
1622 1628 1663 1667 in
1682 1628 1800 1669 Gloss'.
1819 1629 1939 1668 Sveo·
1958 1631 2004 1669 G.
2024 1644 2061 1682 p.
2084 1643 2170 1679 514.
2226 1635 2270 1674 Id

166 1688 301 1718 eutem
317 1677 358 1714 in
378 1672 588 1714 transcursu
605 1674 708 1713 haud
726 1675 937 1727 indignum
953 1676 1137 1716 duximus
1151 1687 1304 1725 notatu,
1334 1678 1440 1729 quod
1456 1679 1633 1730 pleraque
1641 1679 1759 1732 servi,
1769 1680 1905 1732 firvae,
1927 1685 2035 1732 pueri
2045 1712 2054 1730 ‚
2069 1683 2272 1738 famulique

172 1729 330 1770 nomina
346 1727 622 1779 antiquissima,
650 1728 759 1766 initio
778 1727 896 1776 bona,
925 1729 1006 1782 post
1024 1728 1072 1769 ob
1092 1731 1397 1782 improbitatem,
1423 1731 1479 1770 isti
1506 1731 1713 1772 hominum
1739 1735 1871 1785 generi
1900 1733 2137 1784 consuetam,
2172 1738 2269 1779 abie-

171 1785 248 1822 rint
266 1784 306 1821 in
325 1781 640 1833 significationem
661 1781 815 1823 mal-am.
869 1783 930 1821 Sic
967 1797 1003 1823 v.
1023 1796 1080 1834 gr.
1146 1782 1291 1833 Taefia,
1329 1782 1555 1824 nostratibus
1580 1784 1653 1827 tik.
1689 1787 1828 1832 catula,
1867 1788 2057 1836 canicula,
2102 1803 2141 1831 ν.
2167 1790 2267 1845 Speg.

169 1837 184 1875 l
215 1837 277 1874 cit.
296 1849 319 1886 p
354 1846 439 1880 5'10-
462 1835 496 1873 ὅ(
514 1832 603 1885 teef.
629 1834 734 1885 Belg.
751 1838 929 1875 meretrix
947 1849 968 1874 a
989 1835 1108 1882 tlu'wi,
1138 1838 1229 1887 quia
1254 1837 1463 1887 antiquitus
1492 1838 1608 1876 malas
1631 1840 1935 1890 meretriciasque
1963 1851 2057 1880 artes
2083 1842 2123 1881 in
2147 1842 2269 1884 domi-

169 1889 242 1929 bns
260 1889 293 1927 8<
316 1886 466 1926 familiis
484 1886 707 1926 exercebant
734 1888 897 1936 ancillae,
935 1887 1040 1940 quod
1068 1900 1223 1940 quoque
1245 1903 1293 1928 ex
1316 1891 1392 1941 leg.
1419 1891 1494 1931 Sal.
1518 1891 1597 1929 Tit.
1620 1893 1754 1930 XXIX.
1774 1893 1979 1944 colligitur.
2055 1893 2150 1944 Tys,
2177 1896 2266 1947 tjuf}

169 1939 394 1982 nostratibus
414 1939 465 1979 est
474 1938 572 1990 fur,
599 1950 714 1991 atque
731 1953 752 1978 a
765 1940 876 1987 thius,
902 1953 1034 1990 muas,
1062 1941 1110 1979 ad
1127 1941 1227 1981 fures
1243 1943 1411 1995 pervenit
1423 1972 1432 1990 ‚
1462 1955 1504 1982 ea
1523 1942 1624 1982 haud
1646 1943 1763 1983 dubie
1785 1947 1950 1993 ratione,
1977 1946 2082 1997 quod
2098 1948 2269 2001 plerique

158 1994 257 2048 ftrvi
279 1994 487 2044 antiquitus
517 2002 622 2032 erant
645 1992 746 2032 fiii-es
774 1993 983 2033 domestici.
1047 1994 1232 2046 Idemque
1262 1995 1385 2034 fatum
1411 1997 1658 2048 experiuntur
1685 2009 1794 2037 voces
1821 1999 2001 2038 German.
2028 1997 2100 2037 dieb
2129 2003 2165 2039 ὅ(
2189 2000 2269 2049 hub,

170 2060 253 2099 quae
268 2057 353 2086 ante
364 2044 531 2096 servum,
562 2058 678 2096 quam
697 2046 931 2086 nebulonem
950 2045 1205 2099 dcfignarunt.
1237 2061 1272 2087 v.
1294 2048 1437 2086 Wacht.
1460 2050 1486 2090 l.
1503 2061 1533 2087 c.
1553 2063 1589 2099 p.
1614 2056 1698 2092 281.
1730 2059 1822 2093 222.
1870 2049 1992 2098 skalk,
2028 2051 2140 2092 nobis
2164 2063 2268 2093 extra

171 2093 486 2150 compositionem
504 2097 608 2136 idem
628 2097 679 2136 est
697 2111 740 2136 ac
757 2098 835 2153 bof,
858 2099 1000 2150 skama,
1030 2113 1220 2152 nequam,
1252 2115 1287 2140 v.
1309 2100 1408 2141 BibL
1433 2099 1596 2141 Svecan.
1632 2114 1644 2140 1
1668 2103 1771 2141 Sam.
1799 2114 1862 2149 20,
1887 2116 1944 2150 30.
1963 2105 2013 2147 ,ἃ
2038 2102 2186 2155 skalkas
2212 2120 2267 2146 re-

168 2150 326 2203 spondet
343 2163 464 2201 graeco
481 2145 767 2198 πεςπεςεόεοῦοιι,
792 2165 988 2202 perperam
1015 2165 1144 2202 agere,
1173 2153 1267 2192 ibid.
1297 2166 1310 2191 1
1336 2155 1425 2193 Cor.
1446 2165 1505 2200 13,
1525 2166 1564 2202 4.
1578 2152 1704 2205 skalks
1721 2155 1824 2206 apud
1840 2155 2037 2208 Ulphilam
2062 2168 2171 2197 notat
2184 2156 2266 2209 fir-

165 2216 274 2249 vum,
298 2204 332 2240 ὃ(
351 2199 541 2253 skalkinon
559 2200 649 2239 ibid.
656 2199 814 2252 seruire,
841 2203 1048 2253 ministrare.
1104 2206 1241 2250 Porro,
1265 2203 1385 2251 Maer,
1413 2206 1524 2243 nobis
1540 2204 1655 2244 hodie
1673 2205 1859 2256 fignificat
1881 2220 2024 2258 equam,
2039 2209 2144 2257 stod,'
2168 2220 2265 2249 vete-

168 2255 273 2296 ribus
290 2264 420 2294 autem
436 2258 511 2295 mo'.
537 2254 726 2305 virginem.
755 2253 820 2293 cfr.
846 2254 982 2298 Gothr.
1001 2256 1037 2295 St
1056 2255 1152 2296 Rolf.
1172 2257 1257 2309 Sag.
1274 2268 1307 2296 c.
1330 2268 1391 2306 14.
1409 2257 1505 2298 item
1526 2258 1642 2298 Herv,
1669 2258 1761 2308 Sag.
1787 2270 1822 2299 c.
1845 2271 1909 2298 20.
1972 2261 2022 2298 Et
2045 2258 2104 2299 his
2128 2259 2262 2302 similia

166 2308 274 2355 vide,
302 2305 330 2346 fi
345 2307 482 2359 placet,
513 2306 614 2358 apud
632 2305 940 2359 GloffographoS.

44 2404 50 2407 γ
115 2362 150 2411 ο)
175 2364 234 2402 De
257 2361 330 2400 hac
345 2373 437 2399 voce
454 2372 489 2399 v.
510 2356 782 2399 observationes
799 2359 888 2410 Joh.
909 2358 1056 2399 Gordon
1078 2360 1120 2400 in
1141 2358 1239 2412 spec.

104 2413 163 2466 f)
188 2414 454 2467 Supplevimus
471 2425 518 2452 ex
536 2411 667 2452 codice
684 2423 863 2465 argenteo
881 2414 1080 2462 lacunam,
1108 2426 1184 2466 qua
1202 2411 1375 2466 impress‘a
1402 2415 1575 2467 exempla
1599 2412 1782 2455 laborant.
2209 2437 2211 2439 ·

113 2469 158 2521 g)
185 2469 220 2519 J.
242 2469 275 2505 &
295 2469 333 2518 B.
355 2467 462 2505 recte.
489 2464 634 2506 v.infra
655 2478 735 2518 cap.
761 2474 794 2513 8,
822 2473 855 2508 8.
882 2466 941 2514 16,
963 2479 1027 2514 24.
1081 2468 1340 2519 Componitur
1357 2480 1405 2506 ex
1420 2467 1596 2508 adverbio
1615 2468 1833 2508 Gothorum
1850 2463 2084 2519 inseparabili
2101 2467 2162 2519 tf,
2180 2473 2260 2511 An·
2282 2518 2284 2521 v

172 2518 265 2571 glos.
291 2533 359 2570 up,
396 2519 457 2557 Isl.
486 2517 557 2569 eff,
594 2518 775 2558 latiffimae
799 2517 1102 2571 fignificationis‚
1124 2533 1196 2562 <ex
1229 2519 1364 2567 verbo,
1401 2522 1464 2559 cui
1516 2519 1719 2573 raefigitur,
1764 2519 2001 2564 hauriendae.
2035 2522 2071 2559 ὅ(
2107 2523 2261 2574 wopjan,

171 2571 300 2612 Sueth.
317 2571 434 2610 anti.
453 2583 540 2622 opu,
567 2583 661 2622 erpa,
690 2577 777 2622 ispa:
799 2571 903 2610 unde
926 2572 1087 2624 her-op,
1112 2576 1278 2624 ‹ipa-op,
1302 2574 1337 2611 ἃ
1355 2572 1458 2625 apud
1509 2572 1713 2627 eringskiild.
1732 2574 1773 2612 in
1783 2575 1933 2624 Fragm.
1949 2572 2261 2627 Runico-Papist.

172 2639 213 2678 p.
239 2636 298 2675 19.
353 2584 435 2672 Jil
446 2634 540 2675 graet
557 2622 709 2674 alicunde,
737 2622 779 2661 ok
797 2629 875 2675 &pte
884 2624 1091 2678 graetaende,
1121 2626 1307 2664 eiulatum
1326 2626 1507 2678 plangore
1524 2626 1726 2679 dispunxi,
1760 2624 2050 2666 inclamitando.

119 2679 163 2728 h)
189 2678 250 2717 Sic
268 2675 390 2716 codex
404 2674 528 2714 noster
546 2677 580 2714 ὃ(
599 2675 690 2715 editi
699 2689 710 2722 3
738 2674 799 2715 sed
814 2690 882 2729 pro
899 2676 1081 2731 tlziumagu
1097 2678 1169 2717 esse
1186 2678 1338 2718 deberet
1354 2677 1578 2732 tlzimnagau:
1602 2678 1761 2732 poscunt
1780 2679 1885 2718 enim
1905 2677 1945 2718 id
1967 2677 2109 2729 regulae
2134 2691 2263 2730 gram·

169 2731 348 2770 maticest
372 2727 501 2768 confer
515 2728 647 2767 tamen
664 2727 872 2766 Edwardum
891 2729 980 2778 Lye,
1005 2730 1046 2769 in
1070 2732 1200 2771 Grani.
1220 2731 1334 2771 Goth.
1352 2745 1377 2783 p
1410 2733 1511 2770 XLII
1544 2734 1612 2784 qui
1628 2731 1818 2772 obser-vars
1838 2731 2123 2770 terminationes
2148 2744 2211 2772 am
2227 2735 2265 2772 ὅ(

169 2797 231 2831 us,
258 2796 304 2821 au
325 2784 360 2821 ὅ(
381 2779 868 2820 τιὶὰειηῐίἀεῐῐιᾪοηῇιῐιάἰ.
924 2783 1013 2821 Vox
1033 2783 1280 2833 construitur,
1305 2784 1432 2824 iudice
1456 2785 1667 2833 Wachtm,
1703 2798 1783 2823 non
1806 2796 1828 2822 a
1845 2783 1941 2830 thiu,
1984 2783 2044 2822 vel
2070 2783 2183 2831 thius,
2215 2785 2262 2825 de

171 2849 249 2888 quo
271 2833 393 2888 supra,
417 2844 463 2873 ut
478 2833 588 2873 docet
605 2833 699 2884 Jun,
720 2835 762 2873 in
778 2833 927 2874 Gloffar.
947 2848 986 2887 p.
1006 2847 1093 2888 349.
1112 2836 1173 2876 [ed
1191 2850 1212 2876 a
1229 2838 1372 2878 Celtico
1391 2848 1449 2886 ty,
1475 2836 1633 2884 domus,
1662 2836 1767 2889 quod
1784 2835 1899 2875 hodie
1915 2834 2133 2875 custodiunt
2152 2838 2264 2876 Cam-

171 2890 252 2935 bri,
282 2890 315 2927 8(
335 2900 478 2939 magus,
507 2899 618 2938 puer,
642 2888 735 2926 Luc.
757 2901 792 2932 2,
810 2899 876 2934 43.
900 2890 1008 2929 cuius
1026 2889 1308 2931 diminutivum
1333 2889 1384 2931 est
1406 2888 1566 2944 magula,
1602 2886 1931 2942 puemlusa·J0h·
1956 2888 1992 2936 6>
2011 2899 2049 2941 9·
2073 2889 2109 2929 ὅ(
2126 2901 2266 2943 cogna-

172 2953 257 2981 tum
275 2940 436 2994 magath,
462 2941 593 2992 virgo,
621 2940 715 2981 Luc,
738 2951 771 2988 1,
792 2950 855 2986 27.
