2473 3380
177 172 277 221 190
859 152 1373 211 DISSSERTATIO
1409 157 1647 222 PRIMA,

182 267 423 323 obfervabit
454 264 594 315 legion
619 279 828 327 attentus,
860 271 1003 330 priori
1024 267 1119 315 casu
1142 270 1301 317 litteras
1317 271 1578 333 Ulphilanas
1597 288 1742 321 totum
1765 268 1972 335 spatium,
2005 282 2055 318 ut
2079 266 2377 333 aliasvsemperg

183 356 273 386 non
294 335 537 396 complere,
571 333 813 396 posteriore
833 353 935 380 vero
957 336 1129 381 easdem
1156 337 1314 382 lineam
1342 336 1616 399 superiorem
1645 339 1983 393 transscendere,
2015 340 2072 383 ita
2101 337 2300 396 quidem,
2332 350 2382 384 ut

182 419 334 466 quarta
354 399 443 448 fere
465 399 531 447 sui
554 417 675 465 parte
697 404 741 447 in
761 401 1097 448 interordinium
1121 403 1355 462 aliquando
1383 418 1662 465 procurrant.
1732 409 1826 468 Ego
1854 406 1939 451 hoc
1968 420 2135 450 novum
2155 420 2387 464 argumen-

179 486 277 519 tum
296 471 523 531 reputavi‚
567 485 656 527 quo
686 466 1001 514 confirmentur
1028 485 1102 528 ea,
1147 486 1242 528 quae
1269 471 1314 515 in
1329 470 1476 534 pra’fi
1502 472 1555 518 ad
1579 469 1810 537 Ulphilam
1846 472 2118 539 illlfstratum
2146 470 2194 514 de
2225 470 2379 526 modo,

179 555 274 600 quo
304 550 522 583 exaratum
548 534 736 580 coniicio
763 534 961 585 codicem
991 550 1267 595 argenteum,
1302 536 1492 584 differui.
1547 539 1594 584 Si
1626 540 1792 599 quippe
1819 537 1970 584 calami
1998 553 2085 598 ope
2114 534 2214 582 usus
2239 533 2387 582 fuisset

177 605 402 657 librarius,
436 604 676 647 litterarum
707 598 952 646 mensuram
978 598 1118 662 spatio
1147 600 1362 663 designato
1384 606 1535 664 utique
1564 601 1945 652 accommodaffet:
1981 619 2121 661 quum
2141 618 2244 649 vero
2263 602 2381 648 ultro

180 673 379 729 citroque
402 666 531 729 supra
550 668 593 713 ὅ(
613 663 727 714 infra
745 666 931 714 orbitam
954 684 1105 714 manus
1125 668 1424 729 elegantiffima
1444 672 1485 717 ἃ
1506 671 1658 718 nitoris
1676 667 1968 717 studiofissima
1988 669 2157 728 evagari
2176 683 2382 722 cernatur,

179 737 399 783 indicium
419 734 533 781 mihi
552 734 706 780 videor
736 733 1079 795 deprehendere,
1113 752 1203 794 quo
1232 734 1374 790 nescio
1402 755 1456 783 an
1484 739 1641 785 certius
1677 737 1816 783 ullum
1849 736 1942 781 dari
1963 733 2103 795 poffit,
2122 732 2177 780 ad
2204 733 2384 779 demon·

178 801 428 857 strandum,
463 799 780 860 imprimendo,
801 818 891 846 non
906 800 1127 862 pingendo
1151 802 1310 848 litteras
1331 804 1491 850 codicis
1513 802 1645 849 nostri
1674 800 1881 849 formatas
1900 798 2042 850 fuiss'e‚

313 869 567 929 Marginem
587 870 756 928 pagina:
775 865 990 913 sinistrum
1011 884 1226 929 occupant
1243 873 1416 916 numeri
1438 869 1501 906 ⁷3¹1
1518 864 1740 917 mvoffloe'm,
1770 869 1962 914 exornati
1992 868 2035 912 in
2057 881 2161 912 eum
2181 864 2384 922 modum,

179 952 314 996 quem
343 935 490 982 tabula
515 932 719 980 adiunEta
753 932 1090 993 commonstrat,
1126 933 1202 980 nifi
1231 936 1373 994 quod,
1406 935 1482 984 ubi
1511 936 1640 997 plura
1668 928 1852 984 κῐφᾶλωα
1882 934 2082 980 breviora
2112 945 2389 986 concurrunt,
2420 955 2422 958 v

178 1002 387 1050 librarius
415 999 639 1047 interdum
669 998 884 1047 necessum
903 999 1080 1056 habuit,
1115 999 1273 1047 struem
1303 1003 1516 1049 linearum
1553 1003 1763 1048 minuere.
1833 1000 1955 1061 Qud
1983 1016 2086 1045 vero
2113 996 2190 1044 fibi
2211 997 2302 1047 haec
2320 1012 2389 1043 ve-

177 1067 260 1115 lint
276 1062 481 1116 maiam,
515 1066 739 1126 pluribus,
773 1064 842 1111 sed
863 1083 946 1125 pro
968 1065 1116 1111 nostro
1137 1082 1279 1112 tamen
1298 1069 1513 1125 instituto,
1551 1085 1652 1113 mox
1672 1065 1822 1112 sumus
1843 1065 2019 1113 diEturi.
2392 1108 2394 1110 ,

313 1131 391 1181 Ab
420 1132 569 1177 eadem
599 1133 770 1191 paginae
808 1145 931 1191 parte
960 1129 1238 1177 observamus
1268 1136 1399 1179 etiam
1427 1134 1660 1194 aliquando
1690 1132 1859 1178 notulas
1891 1132 2123 1191 quasdam,
2181 1148 2270 1177 non
2294 1146 2387 1176 uno

177 1200 319 1248 modo
346 1211 557 1254 exaratas,
593 1196 753 1256 quibus
775 1195 890 1255 quasi
912 1196 1130 1242 limitibus
1158 1198 1444 1245 includuntur
1471 1200 1566 1244 loca
1595 1216 1644 1243 ex
1673 1200 1806 1244 veteri
1834 1198 2086 1244 testamento
2111 1197 2231 1257 apud
2261 1213 2388 1243 evan-

176 1265 346 1329 gelistas
364 1265 506 1312 citata.
574 1262 753 1309 Habent
770 1263 861 1308 haec
877 1261 993 1323 signa
1010 1263 1244 1322 aliquando
1265 1261 1461 1311 formam
1480 1266 1554 1310 teli
1575 1262 1806 1325 cuspidati,
1840 1265 1898 1309 ita
1928 1264 2106 1322 quidem
2122 1300 2133 1320 ,
2164 1279 2213 1309 ut
2234 1263 2390 1310 ultima

176 1332 221 1380 ὅ(
240 1334 386 1394 prima
403 1328 590 1390 figuram
609 1328 791 1377 similem
811 1328 998 1375 habeant
1015 1366 1025 1386 ,
1060 1331 1326 1376 intermediae
1349 1348 1450 1378 vero
1473 1330 1654 1377 obelum
1674 1325 1877 1377 referant.
1935 1328 2008 1376 Est
2027 1331 2170 1387 etiam,
2198 1330 2275 1376 ubi
2296 1346 2387 1390 non

175 1397 254 1446 nifi
274 1398 449 1446 duobus
469 1396 689 1443 uncinulis
708 1395 779 1457 („)
798 1393 867 1442 sed
886 1396 1022 1457 paulo
1050 1395 1320 1443 crassioribus
1352 1398 1476 1444 verba
1505 1397 1704 1453 aliunde,
1739 1413 1787 1440 ex
1818 1392 2051 1456 scriptore,
2082 1397 2284 1455 inquam,
2315 1412 2388 1443 ve·

176 1467 279 1512 teris
308 1463 547 1512 testamenti
574 1464 701 1509 citata
729 1477 956 1515 notentur,
993 1462 1038 1506 id
1070 1464 1189 1521 quod
1221 1464 1289 1509 vel
1318 1464 1417 1510 ideo
1444 1464 1655 1520 indicavi,
1700 1463 1803 1520 quia
1833 1461 2014 1519 constat,
2050 1462 2168 1508 hunc
2195 1463 2387 1510 aliorum

173 1533 306 1580 verba
326 1533 449 1578 citata
468 1528 715 1590 designandi
739 1530 925 1576 modum
946 1530 999 1575 ad
1020 1528 1285 1576 hodiernum
1307 1547 1445 1590 usque
1476 1531 1594 1576 diem
1624 1546 1648 1575 a
1675 1528 1970 1590 typographis
1997 1526 2152 1577 nostris
2179 1527 2260 1574 effe
2284 1546 2387 1576 con-

173 1596 406 1650 servatum.
475 1596 612 1661 Qod
636 1597 680 1641 in
699 1595 1090 1658 Guelpherbytano
1111 1597 1258 1642 codice
1285 1595 1435 1643 {imilia
1454 1595 1525 1648 sed
1542 1595 1785 1658 grandioris
1813 1590 1968 1643 formae
1990 1595 2247 1645 citationum
2270 1594 2387 1657 signa

174 1679 429 1721 occurrant,
464 1661 714 1710 observatur
736 1665 780 1708 in
799 1662 988 1713 editione
1006 1664 1310 1718 Knitteliana.
1560 1658 1562 1661 ’

305 1735 356 1777 In
376 1730 570 1790 margine
589 1730 797 1774 exteriore
816 1744 1052 1774 occurrunt
1079 1730 1297 1775 nonnullae
1331 1731 1540 1776 variantes
1568 1726 1796 1784 leffiunes,
1834 1743 1938 1785 quas
1966 1741 2068 1772 cum
2098 1726 2144 1771 in
2167 1724 2312 1791 praef.
2330 1725 2386 1774 ad

181 1794 424 1862 Ulphilam
448 1795 724 1856 illustratum
753 1794 1111 1850 indicaverimus,
1147 1812 1262 1844 nunc
1283 1793 1458 1841 scientes
1478 1795 1764 1854 praeterimus.
1820 1793 1870 1837 Id
1904 1806 2074 1838 tantum
2105 1792 2240 1839 verbo
2264 1809 2385 1840 nota·

173 1863 345 1920 bimus,
378 1860 626 1917 vocabulis,
661 1877 757 1919 quae
776 1861 820 1906 in
839 1860 1034 1919 margine
1054 1859 1274 1907 collocatis
1292 1859 1555 1921 respondent
1573 1859 1731 1906 lineam
1761 1860 1805 1903 in
1832 1870 2035 1904 contextu
2064 1856 2385 1920 superimponi,

171 1931 337 1977 uncino
360 1927 413 1974 ab
435 1928 560 1972 initio
584 1927 627 1972 ὅτ
647 1926 731 1972 fine
752 1924 936 1972 clausam
957 1923 1096 1986 (quali
1118 1926 1256 1973 littera
1274 1944 1303 1974 n
1322 1923 1547 1987 suppressa
1574 1925 1755 1970 indicari
1779 1921 1907 1988 solet)
1935 1925 2005 1971 cui
2020 1921 2253 1988 respondet
2270 1925 2383 1976 fimi·

172 1996 227 2046 lis
246 1997 292 2044 in
311 2009 428 2044 textu
447 1990 612 2058 figura,
647 1992 714 2043 illi
732 1993 832 2040 voci
849 1989 1037 2054 adiefiia,
1068 2008 1200 2053 quam
1221 1995 1387 2042 varians
1407 1990 1537 2039 lectio
1555 1989 1747 2055 respicit,
1884 1993 1885 1996 ’
2090 1989 2095 1992 ’
2380 1986 2384 1989 ’

1183 2111 1219 2168 5.
1287 2109 1363 2157 lx,

304 2199 405 2263 Jam
431 2196 485 2244 ad
506 2193 651 2259 ipsum
671 2208 920 2243 contextum
942 2194 983 2242 ἃ
1000 2193 1211 2242 scribendi
1231 2196 1446 2243 rationem
1466 2192 1855 2254 contemplandum
1876 2192 2033 2254 pedem
2051 2191 2385 2254 promovemus,

173 2263 464 2314 observamus
484 2281 611 2321 vero,
647 2265 694 2310 in
721 2263 869 2309 codice
897 2263 1057 2308 litteras
1075 2262 1371 2323 quadruplicis
1393 2260 1729 2322 magnitudinis:
1763 2261 1918 2320 primae
1937 2257 2035 2304 sunt
2055 2259 2384 2318 grandiusculae,

171 2333 215 2380 &
233 2332 317 2379 illae
335 2331 399 2377 ibi
419 2328 510 2377 fere
529 2345 828 2386 occurrentes,
860 2327 939 2376 ubi
963 2329 1075 2374 linea
1103 2346 1271 2375 novum
1301 2322 1492 2376 madum,
1518 2327 1716 2383 orditur3
1752 2326 1793 2372 ὅ(
1819 2341 1937 2381 tum,
1971 2341 2023 2369 ne
2044 2327 2087 2368 in
2115 2322 2386 2387 superiorem

171 2400 241 2447 vel
270 2394 526 2444 inferiorem
557 2398 715 2442 lineam
745 2410 1027 2456 procurrant,
1063 2410 1159 2440 ante
1186 2397 1330 2455 prima
1359 2392 1495 2453 signa,
1532 2401 1578 2438 in
1606 2390 1703 2452 ipso
1730 2393 1912 2451 inquam
1946 2391 2142 2451 margine
2177 2392 2385 2436 interiore

173 2466 325 2512 locum
343 2460 665 2519 nanciscuntur,
700 2460 834 2520 idque
864 2463 944 2519 ita,
978 2475 1026 2506 ut
1045 2461 1198 2506 iisdem
1221 2455 1368 2511 similis
1390 2459 1529 2514 linea,
1562 2476 1609 2506 ac
1634 2473 1766 2515 quam
1794 2474 1935 2517 nuper
1962 2454 2287 2516 descripsimus,
2320 2452 2387 2509 su-

170 2533 525 2593 perimponatur.
559 2545 602 2576 v.
633 2527 747 2574 Tab.
779 2529 830 2572 ΙΙ.
857 2526 935 2575 lin.
968 2526 1140 2574 ultima.
1211 2523 1432 2575 Observat
1460 2526 1546 2572 hoc
1577 2527 1731 2579 etiam,
1775 2537 1822 2570 ut
1850 2523 2003 2581 video,
2047 2523 2154 2569 alter
2178 2522 2386 2568 librarius

169 2597 390 2645 Gothicus
402 2633 412 2653 ‚
447 2592 685 2655 exscriptor
702 2588 908 2653 Epistolae
927 2593 1156 2641 Paulina.

303 2667 462 2709 Praeter
488 2660 566 2706 has
596 2677 699 2707 vero
729 2660 889 2705 litteras
917 2657 1190 2719 grandiores,
1227 2673 1345 2717 quae,
1387 2669 1438 2702 ut
1463 2675 1568 2704 mox
1601 2657 1789 2709 dicetur,
1825 2671 1964 2700 aurete
1991 2652 2116 2712 sunt,
2149 2670 2390 2703 occurrunt-

170 2731 391 2780 interdum
411 2729 541 2774 etiam
559 2724 819 2772 huiusmodi
849 2725 1000 2770 litterae
1029 2725 1307 2785 grandiores,
1337 2721 1416 2769 ubi
1444 2719 1645 2772 κεφαλέων
1673 2723 1981 2781 incipientium
2009 2721 2123 2781 figna
2151 2738 2240 2767 non
2267 2719 2384 2768 sunt:

170 2814 268 2846 tum
286 2811 392 2844 vero
418 2807 626 2854 argenteae
650 2790 870 2847 visuntur,
898 2808 1214 2851 nonnunquam
1231 2787 1573 2850 superimposito
1604 2787 1735 2833 obelo
1757 2787 1944 2847 stipatae,
1979 2788 2082 2834 alias
2105 2804 2207 2833 vero
2229 2787 2386 2834 eodem

172 2878 376 2909 carentes.
433 2863 494 2905 Ita
513 2856 714 2923 Jmaius
734 2855 819 2903 sese
840 2856 969 2903 nobis
991 2855 1121 2902 offert
1139 2856 1192 2902 ab
1212 2857 1340 2901 initio
1359 2851 1504 2900 versus
1525 2854 1570 2899 in
1589 2852 1699 2916 jem,
1734 2854 1889 2903 Marc.
1911 2861 1954 2911 8,
1994 2868 2069 2914 31,
2104 2853 2146 2898 ἃ
2165 2853 2209 2896 in
2234 2853 2387 2899 eadem

173 2944 283 2979 voce
300 2929 470 2986 Luc.4,
501 2937 579 2985 14.
613 2925 659 2972 in
674 2940 781 2992 voce
788 2921 924 2988 jabai
934 2959 946 2981 ,
979 2919 1096 2989 Joh·
1113 2930 1156 2981 8,
1177 2930 1258 2986 36.
1290 2920 1352 2980 A,
1372 2916 1486 2987 Joh.
1505 2934 1552 2978 9,
1586 2935 1669 2977 24·
1713 2920 1760 2966 in
1779 2918 2091 2986 atvopidedun.
2124 2925 2278 2978 cap.8‚
2311 2933 2385 2996 14.

2337 2999 2387 3033 m
