2473 3380
842 126 1330 183 DISSERTATIO
1383 127 1621 197 PRIMA,

610 351 1110 451 comen
1164 251 1928 456 {hammo

399 572 1168 668 LITTERATURA
1234 491 2142 645 {erESOGOTHlCA

1530 743 2377 788 ξ--ὴ--ε-εε--μ-ξεζ

162 751 1257 797 ae==--—----—.—

1178 857 1220 923 §.
1291 860 1328 908 1.

160 933 417 1088 Quum
446 976 559 1022 inter
595 971 886 1020 evolvendum
919 970 1112 1021 ‘codicem
1150 983 1409 1037 argenteum
1444 971 1562 1017 varia
1593 969 1706 1017 mihi
1752 969 2030 1027 obvenerint,
2086 986 2184 1030 quae
2231 983 2385 1016 notatu

201 1090 204 1093 Α
337 1045 469 1103 ‘digna
489 1041 601 1088 mihi
624 1039 708 1086 visa
730 1039 850 1095 sunt,-
895 1056 1074 1099 quaeque
1104 1040 1304 1099 ignorare
1334 1038 1497 1083 nollem
1527 1038 1686 1083 harum
1717 1037 1957 1084 litterarum
1987 1053 2200 1092 amantes,
2238 1037 2388 1081 inani·

161 1125 290 1156 mum
312 1110 486 1161 induxi,
520 1107 692 1161 eadem,
725 1107 874 1165 prouti
895 1105 1061 1150 calamo
1093 1103 1175 1151 sese
1208 1101 1440 1158 offerrent,
1474 1106 1519 1148 in
1553 1104 1745 1149 chartam
1780 1106 2015 1159 coniicere,
2051 1103 2180 1150 satius
2209 1102 2388 1148 arbitra-

158 1189 252 1228 tus,
284 1172 534 1234 posthabito
554 1170 736 1221 ordine,
769 1187 816 1215 ea
833 1175 934 1229 fiuae
953 1171 1060 1215 alios
1083 1173 1351 1229 praeteriere,
1388 1167 1564 1226 afferre,
1610 1187 1771 1227 quam,
1812 1186 1861 1216 ut
1891 1173 1937 1215 is·
1958 1170 2174 1227 iet-vetur,
2216 1169 2386 1213 nemini

159 1241 369 1300 ignoratis
390 1240 568 1299 paginas
596 1236 794 1297 implere.
866 1238 1020 1280 Dicam
1058 1252 1162 1280 vero
1201 1236 1244 1278 in
1284 1232 1510 1294 praesentia
1541 1236 1750 1280 nonnulla
1782 1236 1834 1281 de
1861 1233 1960 1282 fatis
1989 1237 2150 1282 codicis
2180 1235 2384 1295 argentei,

161 1306 214 1352 de
234 1304 347 1350 illius
371 1301 538 1365 forma,
569 1303 612 1351 ὅ(
633 1304 679 1349 in
697 1302 858 1365 primis
879 1301 932 1349 de
951 1301 1105 1348 litteris
1118 1300 1384 1362 Ulphilanis,
1408 1317 1648 1366 earumque
1668 1302 1815 1348 valore
1836 1317 1924 1349 tam
1938 1302 2224 1365 grammatico
2246 1315 2380 1360 quam

161 1371 398 1420 numerali.

1186 1459 1235 1515 §.·
1295 1458 1353 1504 11.

299 1551 424 1597 Dum
443 1546 702 1610 Ulphilanas
723 1561 828 1593 vero
847 1544 969 1603 dico,
1005 1561 1105 1593 cum
1125 1546 1262 1606 vulgo
1295 1545 1486 1605 loquorz
1518 1560 1609 1591 non
1650 1544 1766 1606 enim
1809 1544 1990 1602 dubito,
2027 1544 2135 1603 quin
2169 1541 2259 1589 haec
2302 1559 2381 1590 no-

162 1616 430 1665 menclatura
449 1617 676 1675 geminum
698 1610 910 1668 invol'w',
946 1612 1107 1658 etiamsi
1128 1613 1344 1673 perlevem
1367 1628 1609 1670 utrumque
1639 1628 1850 1661 errorem,
1918 1611 2038 1656 Alter
2066 1609 2148 1665 est,
2185 1609 2303 1668 quod
2328 1609 2382 1655 ab

169 1679 389 1747 Ulplzila,
423 1681 683 1728 Gothorum
705 1680 933 1724 minorum
960 1680 1004 1724 in
1026 1677 1182 1726 Moefia
1204 1676 1348 1724 seculo
1380 1693 1535 1737 quarto
1555 1676 1801 1738 Episcopo,
1837 1675 2196 1736 Moesogothicas
2226 1676 2386 1721 litteras

163 1748 526 1806 denominamus,
558 1745 742 1809 perinde
761 1761 809 1790 ac
827 1743 856 1790 fi
878 1745 952 1791 ille
971 1746 1206 1791 earundem
1227 1742 1380 1790 aufiior
1408 1740 1576 1805 fuisset,
1610 1743 1732 1802 quod
1764 1760 1909 1789 tamen
1939 1740 2096 1789 falsum
2127 1739 2231 1794 esse,
2264 1742 2307 1785 in
2329 1739 2386 1787 se·

165 1809 408 1876 quentibus*
428 1810 877 1874 probatum-ibimus,
945 1809 1047 1858 Scio
1078 1811 1310 1870 equidem,
1341 1809 1431 1872 jam
1466 1808 1566 1854 inde
1595 1825 1618 1854 a
1647 1809 1924 1870 temporibus
1953 1811 2145 1857 ‘rocratia‘
2176 1807 2220 1866 ὅς,
2240 1807 2381 1856 Sozo-

166 1884 285 1930 111εηί
312 1879 422 1926 hanc
450 1878 711 1939 opinionem
738 1874 981 1934 invaluiffe,
1026 1891 1182 1938 utpote
1213 1877 1314 1936 qui,
1357 1876 1467 1920 dum
1495 1872 1662 1922 sacrum
1691 1875 1886 1921 codicem
1919 1876 1964 1919 in
1991 1875 2187 1934 linguam
2218 1872 2379 1933 Gothi-

166 1963 262 1995 cam
284 1942 542 1992 conversum
561 1943 756 1996 tradunt,
799 1942 1039 2006 Ulplu'lam
1062 1960 1150 1989 non
1173 1939 1493 2003 metaphraseos
1522 1939 1687 1994 solum,
1723 1939 1795 1987 sed
1821 1942 1950 1986 etiam
1983 1941 2222 1986 litterarum
2239 1975 2249 1995 ‚
2286 1940 2382 1998 qui-

165 2012 247 2061 bus
266 2010 422 2072 scripta
444 2007 551 2065 fuit,
582 2005 808 2055 austorem
839 2007 1007 2055 ferunt:
1044 2006 1114 2054 sed
1140 2010 1284 2069 quivis
1314 2004 1437 2053 facile
1465 2005 1744 2062 existimabit,
1779 2024 1912 2066 quam
1944 2003 2071 2052 facile
2101 2003 2196 2052 fieri
2227 2021 2382 2065 potue-

165 2081 247 2136 rit,
284 2093 331 2123 ut
349 2078 425 2136 qui
445 2075 709 2122 Alexandriae
727 2090 802 2121 aut
825 2076 870 2120 in
886 2075 980 2121 aliis
1000 2072 1128 2122 diffiti
1147 2074 1267 2121 orbis
1289 2073 1487 2136 partibus
1515 2074 1749 2133 degerunt,
1786 2073 1860 2118 illa
1887 2089 1971 2134 pro
1992 2072 2115 2118 novis
2136 2069 2381 2129 habuerint,

168 2161 267 2207 quae
285 2143 408 2204 apud
426 2142 604 2205 Scythas
636 2137 757 2186 fuere
784 2140 1096 2200 antiquissima,
1131 2158 1284 2201 resque
1321 2156 1416 2186 tum
1459 2142 1658 2201 primum
1699 2137 1878 2185 extitiffe
1922 2139 2096 2200 opinari
2146 2139 2384 2198 potuerint,

168 2226 312 2272 quum
340 2210 541 2270 primum
573 2209 619 2252 in
646 2222 799 2252 eorum
830 2224 1064 2267 pervenere
1091 2209 1407 2268 cognitionem.
1476 2204 1644 2251 Praestar
1671 2223 1775 2252 vero
1806 2205 1850 2252 in
1882 2222 2028 2266 partes
2053 2205 2382 2252 Bonaventurae

167 2276 227 2326 V
222 2277 389 2327 ulcanii
426 2275 680 2328 concedere,
731 2274 809 2331 qui
840 2275 883 2318 in
913 2273 1184 2319 dedicatione
1220 2274 1543 2335 dgffertationis
1572 2271 1625 2316 de
1660 2274 1820 2337 lingua
1860 2271 1902 2317 ὅ(
1942 2273 2111 2317 litterzs
2141 2270 2381 2325 Getarum,

167 2360 248 2412 ego
279 2356 407 2398 vcro,
451 2341 616 2400 inquit,
657 2353 770 2403 pace
803 2334 965 2387 horum
994 2346 1222 2387 aut‘lorum
1251 2339 1509 2397 (Socratis,
1554 2337 1791 2386 Recobaldi
1819 2335 2124 2387 Feri-ariensis,
2164 2336 2384 2382 aliorum-

168 2412 276 2472 que)
298 2408 569 2458 Geticarum
597 2407 839 2453 literarum
871 2405 995 2469 usum
1022 2406 1153 2470 longe
1181 2418 1282 2452 ante
1315 2400 1556 2467 Gutphilae
1582 2416 1788 2468 tempora
1814 2400 1995 2468 vigufffiv
2020 2405 2382 2471 existimaverim,

149 2476 247 2544 fid
274 2490 360 2539 per
382 2469 656 2538 Gutplzilam
678 2471 893 2520 Romanis
919 2476 1124 2535 primum
1146 2468 1395 2532 innotm'ſje,
1428 2474 1588 2535 quippe
1612 2472 1689 2533 qui
1719 2475 1765 2517 in
1799 2469 2005 2534 linguam
2037 2467 2285 2517 Gothicam
2314 2468 2381 2516 bi-

167 2540 413 2606 bliastzcra
434 2542 669 2588 convertit.
735 2540 834 2583 Nec
853 2536 1030 2594 dubito,
1065 2538 1186 2597 quod
1214 2538 1397 2582 alterum
1422 2550 1699 2580 momentum
1731 2537 1833 2587 erit,
1871 2537 1948 2595 qu‘¹⁸
2006 2533 2235 2581 antistitem
2262 2534 2382 2579 hunc

168 2607 330 2659 restius
344 2607 614 2671 Vulpln'lam
650 2603 678 2630 *
712 2603 1060 2664 appellaremus,
1094 2602 1135 2649 δι
1157 2603 1341 2655 litteras,
1379 2600 1537 2660 quibus
1560 2600 1781 2658 utebatur,
1816 2603 2068 2649 Vuifssfnas,
2139 2604 2241 2647 Hoc
2263 2615 2381 2646 emm

172 2675 368 2724 nominis
401 2689 505 2720 eum
532 2668 712 2735 geffiffe,
763 2667 938 2716 testatur
965 2684 1121 2729 praeter
1148 2670 1258 2716 alios
1283 2668 1574 2733 Jornandes‚
1631 2668 1697 2713 vir
1727 2668 1815 2729 ipse
1849 2668 2059 2731 Scythicae
2089 2667 2292 2728 originiS,
2341 2666 2383 2710 &

2284 2728 2383 2791 pet·-

214 2870 251 2897 '''‘
279 2868 409 2920 Vulfila
426 2867 583 2921 Lingua
597 2866 885 2921 Moesogothica
903 2877 1009 2907 notat
1035 2866 1206 2906 catulum
1231 2864 1314 2917 lupi
1338 2878 1359 2904 a
1380 2863 1508 2912 Vulfs,
1536 2864 1668 2917 lupus,
1695 2865 1854 2917 eiusque
1882 2864 2005 2904 forma
2030 2864 2270 2903 diminutiva.
2325 2865 2401 2903 Ita»

280 2935 302 2961 a
321 2934 461 2972 magus,
482 2934 598 2973 puer,
624 2920 668 2960 fit
686 2920 845 2973 magula,
871 2921 1038 2974 puellus,
1067 2933 1089 2958 a
1106 2917 1214 2965 barn,
1243 2918 1385 2965 infans,
1414 2916 1458 2956 fit
1481 2916 1569 2955 barn
1584 2918 1634 2963 ln,
1664 2917 1894 2968 infantulus,
1922 2930 1944 2958 a
1961 2919 2072 2966 mavi,
2102 2918 2224 2969 virgo,
2243 2914 2379 2964 mavilo,

280 2973 417 3028 puella.
471 2974 687 3023 Novimus,
715 2973 860 3015 Gothos
880 2974 926 3015 ab
944 2972 1171 3015 animalibus
1190 2972 1348 3012 nomina
1372 2969 1464 3023 saepe
1481 2969 1669 3013 indidisse.
