2473 3380
293 131 399 185 DE
426 125 694 205 comm
727 125 1033 185 ARGENT
1067 87 1558 186 fiumen
1589 135 2055 199 ΜοΕςοσοτΗ.
2175 150 2263 217 193:

55 242 282 302 Fortass'is‚
317 241 398 290 ubi
427 240 593 289 librum
621 239 766 305 ipsum
796 242 1029 302 invenero,
1083 242 1208 304 plura
1247 260 1495 306 occurrent,
1552 265 1649 308 quae
1684 250 1873 300 dubium
1902 271 2033 304 omne
2061 256 2264 311 eximant.

50 315 164 362 Non
182 310 277 358 satis
295 307 407 365 scio,
439 325 493 354 an
514 310 625 365 inter
642 322 780 356 cetera
799 306 1011 356 scribendi
1034 310 1296 370 compendia
1314 309 1476 361 referre
1498 313 1681 362 debeam
1702 322 1992 367 numerorum
2014 340 2146 380 notas,
2169 345 2265 387 quae

46 377 127 424 ubi
148 378 302 424 litteris
318 375 647 436 exprimuntur,
682 374 727 421 id
753 375 914 421 habent
930 374 1152 438 singularis
1168 413 1178 433 ‚
1213 376 1333 436 quod
1352 377 1419 424 hae
1446 379 1599 428 litterae
1636 384 1879 431 numerales
1900 403 1998 440 unae
2015 391 2080 435 vel
2101 393 2265 452 plures,

46 440 220 505 semper
240 438 415 503 punffis
436 441 736 498 includantur,
771 458 873 487 cum
890 439 1077 502 superne
1094 441 1230 502 posita
1249 443 1433 505 lineola,
1467 448 1534 496 uti
1551 448 1670 498 idem
1689 451 1820 499 etiam
1836 449 2089 502 observatur
2116 459 2162 504 in
2184 460 2264 507 cal.

45 510 154 557 culo
175 508 539 569 quaternionum,
570 509 615 553 in
635 522 823 555 extrema
840 509 1002 570 pagina
1019 523 1293 557 notatorum.

182 661 320 710 Color
345 661 590 723 litterarum
630 660 770 723 qualis
798 657 870 717 fit,
897 659 965 706 vel
993 657 1140 721 ipsum
1172 662 1337 710 codicis
1363 670 1569 731 argentei
1594 686 1778 729 nomen,
1811 672 1935 734 quod
1962 676 2050 722 iam
2086 675 2184 734 diu,
2221 677 2264 726 ὅ(

42 740 278 789 antequam
302 727 445 776 noster
467 725 607 775 faEius
639 727 759 784 esset,
799 723 938 788 geffit'f,
982 723 1263 773 manifestum
1290 726 1408 781 facit,
1477 736 1588 797 Qae
1614 752 1717 783 vero
1745 756 1878 787 aureo
1909 741 2055 789 colore
2085 745 2266 791 nitentia

43 794 350 853 inveniuntur,
384 792 482 841 sunt
508 795 623 841 tituli
654 792 1002 853 evangeliorum,
1038 793 1091 838 de
1118 792 1279 852 quibus
1303 812 1442 856 porro
1462 798 1801 860 observandum,
1837 807 2015 853 eosdem
2035 810 2090 856 ita
2118 827 2141 855 a
2168 811 2266 858 reli·

43 877 137 920 quo
157 876 359 908 contextu
387 859 620 921 distingui,
655 876 704 907 ut
735 858 910 920 fingulae
939 875 1065 905 voces
1094 858 1261 921 punfi'to
1291 877 1315 907 a
1342 865 1490 909 ceteris
1518 864 1788 926 separentur,
1822 870 2007 930 ipsisque
2038 875 2262 923 vocabulis

43 926 186 985 obeli,
221 928 366 988 quales
385 925 430 966 ‘³5
454 944 484 975 n
505 925 814 991 superimponi
835 924 1169 987 perhibuimus,
1203 924 1386 991 superne
1404 929 1680 989 adiiciantur‚
1715 934 1758 982 ὅ(
1780 936 1956 983 tandem
1976 935 2109 985 furcae
2126 943 2263 989 utrin-

43 1008 129 1053 que
151 993 280 1040 latera
300 996 512 1042 muniant.

177 1076 222 1107 2.
254 1061 383 1105 Initia
403 1058 602 1121 ipsorum
634 1055 959 1119 evangeliorum
981 1074 1065 1106 tres
1085 1055 1231 1105 versus
1249 1076 1403 1106 aureos
1421 1061 1604 1119 habent,
1640 1063 1772 1125 idque
1790 1067 1846 1112 ita
1860 1102 1872 1124 ‚
1907 1082 1955 1115 ut
1976 1068 2162 1117 chorum
2184 1071 2261 1119 du-

43 1132 112 1171 cat
140 1124 281 1175 littera
296 1125 571 1181 maiuscula,
616 1125 747 1172 obelo
776 1140 941 1182 notata,
982 1125 1208 1184 tribusque
1235 1125 1329 1172 aliis
1369 1125 1553 1189 superne
1577 1129 1727 1191 positis
1747 1134 1886 1181 uncis.
1959 1150 2002 1196 3.
2024 1138 2265 1199 Quodlibet

41 1182 235 1238 κῦφῖἶλϋό*
253 1189 378 1239 versu
396 1208 532 1238 aureo
554 1189 857 1255 distinguitur,
886 1191 1046 1252 pleno,
1080 1189 1111 1237 fi
1131 1192 1175 1236 in
1195 1191 1317 1237 lineae
1335 1195 1555 1254 principio
1579 1192 1739 1251 fuerit,
1772 1198 1873 1244 alias
1895 1198 2109 1248 dimidio:
2142 1206 2268 1264 prio·-

43 1255 85 1301 ri
107 1254 204 1303 casu
222 1256 363 1304 littera
391 1260 630 1305 maiuscula
659 1257 818 1304 lineam
847 1258 1042 1316 orditur,
1078 1254 1312 1319 posteriori
1344 1276 1433 1305 non
1462 1262 1568 1307 item
1634 1277 1684 1323 4.
1703 1263 1872 1310 Eodem
1902 1266 2050 1314 colore
2082 1285 2263 1318 ornatur

0 1339 13 1342 -
42 1321 224 1368 initium
253 1324 484 1371 dominicae
513 1324 748 1380 orationi8‚
780 1319 957 1372 Matth.
980 1330 1025 1379 6,
1043 1341 1092 1384 9,
1122 1322 1284 1369 etiamsi
1315 1342 1482 1372 novum
1514 1326 1576 1373 ibi
1596 1322 1787 1375 xeodnaeaov
1807 1347 1896 1376 non
1924 1334 2116 1392 incipiat.
2185 1337 2263 1383 Vi·

45 1386 129 1433 deo
154 1388 385 1449 equidem,'
417 1391 656 1436 editionem
678 1390 997 1438 Benzelianam
1014 1399 1093 1438 ²⁶⁵0·
1112 1388 1215 1436 Md.
1243 1386 1357 1451 (44)
1384 1391 1488 1438 huic
1506 1392 1645 1439 versui
1673 1410 1791 1439 nono
1811 1396 2080 1458 apposuisse,
2115 1399 2187 1448 sed
2216 1402 2263 1450 id

50 1450 297 1514 refragante
323 1456 470 1502 codice
497 1452 617 1516 ipso,
647 1456 742 1515 ‚qui
769 1455 903 1501 huius
936 1456 1117 1516 capituli
1145 1455 1372 1501 exordium
1401 1458 1540 1520 rejicit
1568 1459 1622 1505 ad
1653 1475 1691 1503 v.
1725 1474 1798 1519 14.
1834 1463 1955 1514 Unte
1980 1463 2137 1528 jabai,
2177 1467 2261 1520 διε.

44 1533 92 1582 ς.
121 1522 324 1569 Nomina
341 1513 700 1585 evangelistarum
718 1523 765 1568 in
783 1518 985 1570 subiestis
1007 1521 1246 1569 canonibus
1265 1538 1396 1569 aureo
1417 1525 1565 1572 colore
1588 1521 1865 1590 praefulgent.

1032 1613 1071 1670 §.
1139 1613 1234 1658 xn.
2233 1654 2235 1657 Α

177 1676 363 1723 Utrovis
389 1676 530 1724 modo
563 1677 802 1738 pingantur
830 1676 1003 1738 litterae,
1038 1694 1124 1739 pro
1152 1693 1279 1725 more
1308 1681 1616 1740 antiquorum,
1650 1695 1778 1729 voces
1811 1679 1980 1746 semper
2005 1701 2158 1734 omnes
2189 1705 2261 1737 ωε

45 1740 231 1797 haerent,
267 1742 346 1789 nisi
373 1744 496 1803 quod
516 1759 731 1789 commata
751 1743 794 1790 ὃ(
821 1745 1017 1789 minores
1045 1744 1136 1790 aliae
1158 1743 1452 1792 dissinffiones
1481 1748 1614 1793 unico
1632 1747 1802 1808 punfi'co
1823 1747 2050 1811 finiantur,
2085 1754 2263 1817 integrae

45 1824 151 1856 vero
167 1808 345 1871 periodi
362 1809 562 1867 duobus,
596 1825 791 1870 quorum
812 1810 1022 1857 nonnulla
1047 1810 1177 1857 etiarn
1198 1808 1270 1857 sed
1287 1810 1538 1875 pauciffima
1562 1830 1692 1861 aurea
1713 1812 1826 1866 sunt.

284 1929 289 1931 a
1017 1899 1054 1956 ς.
1119 1899 1240 1948 xm.
1802 1940 1805 1942 .

173 1964 275 2009 Nec
291 1960 458 2009 silentio
478 1963 699 2024 praeterire
717 1960 881 2018 debeo,
914 1965 1171 2010 accuratiori
1191 1964 1322 2012 oculo
1355 1979 1546 2013 utentem
1577 1965 1910 2017 observaturum
1935 1970 2016 2019 effe
2042 1974 2090 2019 in
2119 1971 2268 2029 codice?

45 2040 260 2094 argenteo
285 2029 383 2075 loca
411 2028 647 2089 respripta,
685 2029 772 2075 hoc
798 2028 878 2087 est,
911 2028 991 2075 ubi
1018 2028 1193 2076 indufiia
1218 2033 1369 2093 priore
1396 2031 1633 2094 scriptura,
1664 2050 1825 2081 novam
1859 2037 1988 2084 aliam
2017 2037 2262 2100 reposuerit

45 2093 268 2141 librarinS.
336 2095 497 2155 Pagina
523 2093 582 2140 est
606 2102 696 2155 185
716 2092 858 2150 versa,
895 2112 1026 2154 quam
1048 2097 1093 2141 in
1110 2098 1268 2157 primis
1299 2096 1463 2144 consuli
1492 2100 1616 2155 volo,
1653 2100 1734 2147 ubi
1759 2099 1923 2162 fingula
1952 2104 2168 2152 linearum
2199 2109 2261 2153 in-

43 2160 218 2206 tervalla
235 2159 472 2205 deletarum
493 2160 735 2207 litterarum
759 2158 934 2221 vestigia
955 2159 1146 2222 servant,
1183 2180 1317 2222 eaque
1338 2165 1383 2209 in
1401 2167 1561 2224 primis
1580 2166 1795 2212 luculenta
1817 2166 1894 2215 sub
1915 2168 2069 2217 infimo
2091 2174 2262 2232 paginae

2 2275 8 2282 ,
42 2223 191 2282 versu,
221 2225 300 2272 ubi
316 2223 511 2272 distinete
531 2229 596 2276 ize
614 2227 802 2288 legimus
811 2262 825 2285 ,
860 2224 933 2273 sed
962 2227 1008 2273 id
1039 2229 1118 2285 ita,
1154 2243 1203 2275 ut
1234 2229 1387 2277 litterae
1416 2247 1567 2277 omnes
1594 2232 1758 2293 prioris
1793 2229 2017 2297 scripturae
2045 2237 2087 2284 ἃ
2112 2236 2259 2300 ipsum

41 2287 206 2339 folium
225 2289 387 2339 inversa
406 2290 499 2343 sint.

1029 2363 1070 2420 ς.
1139 2361 1263 2411 xiv.

180 2426 291 2487 Qae
314 2420 402 2470 fata
419 2419 585 2471 fuerint
600 2424 731 2473 huius
750 2424 913 2474 codicis
928 2461 940 2485 ,
974 2428 1100 2474 cuius
1125 2426 1328 2489 impensis
1347 2431 1548 2492 primum
1567 2446 1782 2490 exaratuS,
1818 2434 1984 2495 quique
2011 2436 2149 2498 primi
2169 2436 2262 2484 eius

44 2487 238 2546 domini,
272 2491 351 2555 qui·
365 2490 543 2548 deinde,
578 2492 831 2553 ignoramus
850 2494 1038 2555 penituS.
1109 2494 1342 2561 Georgites
1362 2498 1544 2558 quidem
1575 2496 1878 2560 Wachterus,
1914 2503 1960 2547 in
1985 2500 2263 2568 praefatione

234 2609 237 2610 γ
537 2602 542 2608 .
717 2560 725 2562 *
2131 2566 2264 2632 Gtff

152 2650 333 2691 Barbaros
351 2650 387 2690 h.
407 2665 428 2691 e
456 2654 603 2694 Gothos
621 2653 684 2694 sua
701 2656 836 2708 lingua
854 2657 976 2697 dicere
983 2657 1105 2710 filzora
1123 2673 1266 2709 armen,
1296 2649 1401 2714 quod
1420 2663 1554 2710 Latini,
1573 2665 1742 2703 Domine
1767 2664 1950 2711 miserere,
1970 2666 2004 2703 &
2024 2666 2152 2714 Graeci,
2173 2662 2264 2718 m'goe

157 2703 291 2742 ἐλέησον
310 2705 544 2755 exprimunt.
599 2709 814 2756 Novimus,
844 2711 941 2749 varie
962 2710 1152 2751 desudasse
1173 2715 1361 2761 eruditos,
1390 2725 1434 2754 ut
1454 2716 1581 2755 lucem
1605 2717 1772 2767 aliquam
1793 2717 1959 2757 Gothicoe
1977 2717 2068 2757 huic
2086 2719 2264 2771 precandi

152 2755 328 2796 formulae
347 2756 540 2798 adderent.
594 2761 680 2811 Ego
700 2772 829 2800 autem
857 2765 989 2803 omnia
1014 2778 1150 2803 eorum
1178 2769 1389 2807 tentamina
1413 2769 1671 2820 praetereunda
1696 2769 1883 2818 judicavi,
1918 2783 2044 2822 quum
2073 2784 2093 2810 a
2112 2771 2266 2825 Rigaltio

156 2819 385 2848 annotatum
401 2811 522 2862 reperi
539 2811 579 2849 in
599 2813 759 2864 antiquo
788 2814 918 2855 codice
940 2817 1126 2870 Augustini
1145 2819 1399 2872 manuscripto
1425 2822 1627 2860 inventum
1646 2820 1755 2859 fuisse
1773 2821 1909 2860 Fhrota
1926 2836 2059 2862 armes:
2090 2825 2195 2876 quod
2213 2824 2268 2864 vi⁴

84 2888 90 2895 f
154 2861 271 2909 dens,
301 2864 463 2902 omnino
479 2863 657 2919 iudicavi,
677 2878 693 2903 t
708 2879 776 2918 pro
786 2867 812 2918 j
829 2867 1021 2920 irrepfiffe.
1076 2871 1285 2913 Sciendum
1302 2886 1416 2927 porro
1435 2872 1507 2926 est,
1535 2887 1582 2914 au
1600 2872 1739 2916 sonum
1757 2888 1776 2915 o
1794 2873 1961 2916 habuisse
1987 2875 2090 2929 apud
2107 2876 2266 2926 Gothoe,

150 2924 196 2956 ut
213 2915 307 2958 adeo
315 2915 455 2985 ,fi-:tuda
472 2929 494 2958 a
510 2917 645 2958 Latino
651 2916 763 2974 [νῆα
782 2920 975 2972 prolatum
991 2921 1119 2965 fuerit.
1174 2983 1208 3028 B
1226 2979 1255 3029 b
