<?xml version="1.0" encoding="UTF-8"?>
<!DOCTYPE html PUBLIC "-//W3C//DTD XHTML 1.0 Transitional//EN"
    "http://www.w3.org/TR/xhtml1/DTD/xhtml1-transitional.dtd">
<html xmlns="http://www.w3.org/1999/xhtml" xml:lang="en" lang="en">
 <head>
  <title>
</title>
<meta http-equiv="Content-Type" content="text/html;charset=utf-8" />
  <meta name='ocr-system' content='tesseract 3.04.00' />
  <meta name='ocr-capabilities' content='ocr_page ocr_carea ocr_par ocr_line ocrx_word'/>
</head>
<body>
  <div class='ocr_page' id='page_1' title='image "./johannisabihresc00ihre_0242.png"; bbox 0 0 2473 3380; ppageno 0'>
   <div class='ocr_carea' id='block_1_1' title="bbox 137 165 1626 233">
    <p class='ocr_par' dir='ltr' id='par_1_1' title="bbox 137 165 1626 233">
     <span class='ocr_line' id='line_1_1' title="bbox 137 165 1626 233; baseline 0.006 -18"><span class='ocrx_word' id='word_1_1' title='bbox 137 172 234 218; x_wconf 76' lang='lat'>226</span> <span class='ocrx_word' id='word_1_2' title='bbox 831 165 1298 221; x_wconf 84' lang='lat' dir='ltr'><em>DISSERTATIO</em></span> <span class='ocrx_word' id='word_1_3' title='bbox 1335 167 1626 233; x_wconf 72' lang='lat' dir='ltr'><em>ALTERA,</em></span> 
     </span>
    </p>
   </div>
   <div class='ocr_carea' id='block_1_2' title="bbox 1146 277 1332 342">
    <p class='ocr_par' dir='ltr' id='par_1_2' title="bbox 1146 277 1332 342">
     <span class='ocr_line' id='line_1_2' title="bbox 1146 277 1332 342; baseline -0.005 -15"><span class='ocrx_word' id='word_1_4' title='bbox 1146 277 1188 342; x_wconf 62' lang='grc' dir='ltr'>ς.</span> <span class='ocrx_word' id='word_1_5' title='bbox 1255 281 1332 326; x_wconf 78' lang='lat' dir='ltr'>vt.</span> 
     </span>
    </p>
   </div>
   <div class='ocr_carea' id='block_1_3' title="bbox 130 359 2408 1285">
    <p class='ocr_par' dir='ltr' id='par_1_3' title="bbox 207 359 2353 624">
     <span class='ocr_line' id='line_1_3' title="bbox 269 359 2353 431; baseline 0.004 -24"><span class='ocrx_word' id='word_1_6' title='bbox 269 361 357 408; x_wconf 88' lang='lat' dir='ltr'>His</span> <span class='ocrx_word' id='word_1_7' title='bbox 375 359 670 412; x_wconf 83' lang='lat' dir='ltr'><strong>fundamentis</strong></span> <span class='ocrx_word' id='word_1_8' title='bbox 689 364 859 427; x_wconf 79' lang='lat' dir='ltr'>positis,</span> <span class='ocrx_word' id='word_1_9' title='bbox 896 366 1200 413; x_wconf 83' lang='lat' dir='ltr'>declinationes</span> <span class='ocrx_word' id='word_1_10' title='bbox 1220 365 1561 429; x_wconf 83' lang='lat' dir='ltr'>Moesogothicas</span> <span class='ocrx_word' id='word_1_11' title='bbox 1579 371 1626 417; x_wconf 90' lang='lat' dir='ltr'>in</span> <span class='ocrx_word' id='word_1_12' title='bbox 1645 385 1729 419; x_wconf 89' lang='lat' dir='ltr'>tres</span> <span class='ocrx_word' id='word_1_13' title='bbox 1751 371 1891 419; x_wconf 79' lang='lat' dir='ltr'>classes</span> <span class='ocrx_word' id='word_1_14' title='bbox 1910 371 2126 430; x_wconf 87' lang='lat' dir='ltr'>dispesco,</span> <span class='ocrx_word' id='word_1_15' title='bbox 2161 385 2353 431; x_wconf 75' lang='lat' dir='ltr'>quarum</span> 
     </span>
     <span class='ocr_line' id='line_1_4' title="bbox 208 426 1025 493; baseline 0.004 -17"><span class='ocrx_word' id='word_1_16' title='bbox 208 426 373 477; x_wconf 81' lang='lat' dir='ltr'>Prima</span> <span class='ocrx_word' id='word_1_17' title='bbox 410 432 603 477; x_wconf 87' lang='lat' dir='ltr'>continet</span> <span class='ocrx_word' id='word_1_18' title='bbox 637 449 761 477; x_wconf 87' lang='lat' dir='ltr'>voces</span> <span class='ocrx_word' id='word_1_19' title='bbox 795 432 1025 493; x_wconf 73' lang='lat' dir='ltr'><strong>simplices.</strong></span> 
     </span>
     <span class='ocr_line' id='line_1_5' title="bbox 207 493 933 546; baseline 0.004 -4"><span class='ocrx_word' id='word_1_20' title='bbox 207 493 375 543; x_wconf 83' lang='lat' dir='ltr'>Altera</span> <span class='ocrx_word' id='word_1_21' title='bbox 410 498 455 541; x_wconf 89' lang='lat' dir='ltr'>in</span> <span class='ocrx_word' id='word_1_22' title='bbox 490 497 681 541; x_wconf 79' lang='lat' dir='ltr'>vocalem</span> <span class='ocrx_word' id='word_1_23' title='bbox 716 514 933 546; x_wconf 65' lang='lat' dir='ltr'>exeuntes-</span> 
     </span>
     <span class='ocr_line' id='line_1_6' title="bbox 210 559 1834 624; baseline 0.003 -16"><span class='ocrx_word' id='word_1_24' title='bbox 210 559 367 609; x_wconf 67' lang='lat' dir='ltr'>Tertia</span> <span class='ocrx_word' id='word_1_25' title='bbox 401 578 528 606; x_wconf 87' lang='lat' dir='ltr'>voccs</span> <span class='ocrx_word' id='word_1_26' title='bbox 565 564 814 608; x_wconf 83' lang='lat' dir='ltr'>terminatas</span> <span class='ocrx_word' id='word_1_27' title='bbox 849 564 1000 623; x_wconf 87' lang='lat' dir='ltr'>aliquo</span> <span class='ocrx_word' id='word_1_28' title='bbox 1032 578 1269 624; x_wconf 85' lang='lat' dir='ltr'>augmento</span> <span class='ocrx_word' id='word_1_29' title='bbox 1304 563 1519 612; x_wconf 78' lang='lat' dir='ltr'>Gothico.</span> <span class='ocrx_word' id='word_1_30' title='bbox 1831 599 1834 601; x_wconf 90' lang='lat'>-</span> 
     </span>
    </p>

    <p class='ocr_par' dir='ltr' id='par_1_4' title="bbox 131 627 2351 819">
     <span class='ocr_line' id='line_1_7' title="bbox 334 627 2351 691; baseline 0.002 -21"><span class='ocrx_word' id='word_1_31' title='bbox 334 629 447 673; x_wconf 88' lang='lat' dir='ltr'>Not.</span> <span class='ocrx_word' id='word_1_32' title='bbox 488 640 531 674; x_wconf 84' lang='lat'>1.</span> <span class='ocrx_word' id='word_1_33' title='bbox 605 628 744 673; x_wconf 87' lang='lat' dir='ltr'>Voces</span> <span class='ocrx_word' id='word_1_34' title='bbox 765 627 978 690; x_wconf 83' lang='lat' dir='ltr'>simplices</span> <span class='ocrx_word' id='word_1_35' title='bbox 998 629 1175 691; x_wconf 88' lang='lat' dir='ltr'>appello</span> <span class='ocrx_word' id='word_1_36' title='bbox 1197 631 1312 688; x_wconf 81' lang='lat' dir='ltr'>illas,</span> <span class='ocrx_word' id='word_1_37' title='bbox 1349 647 1446 689; x_wconf 86' lang='lat' dir='ltr'>quae</span> <span class='ocrx_word' id='word_1_38' title='bbox 1466 627 1659 678; x_wconf 87' lang='lat' dir='ltr'>constant</span> <span class='ocrx_word' id='word_1_39' title='bbox 1678 629 1776 678; x_wconf 90' lang='lat' dir='ltr'>solis</span> <span class='ocrx_word' id='word_1_40' title='bbox 1801 631 1953 678; x_wconf 86' lang='lat' dir='ltr'>litteris</span> <span class='ocrx_word' id='word_1_41' title='bbox 1982 628 2068 677; x_wconf 87' lang='lat' dir='ltr'>suis</span> <span class='ocrx_word' id='word_1_42' title='bbox 2094 627 2351 677; x_wconf 81' lang='lat' dir='ltr'>radicalibus</span> 
     </span>
     <span class='ocr_line' id='line_1_8' title="bbox 131 691 2350 762; baseline 0.003 -25"><span class='ocrx_word' id='word_1_43' title='bbox 131 710 168 739; x_wconf 75' lang='lat' dir='ltr'>e:</span> <span class='ocrx_word' id='word_1_44' title='bbox 192 708 234 752; x_wconf 82' lang='lat' dir='ltr'>g.</span> <span class='ocrx_word' id='word_1_45' title='bbox 259 695 386 748; x_wconf 83' lang='lat' dir='ltr'>vair,</span> <span class='ocrx_word' id='word_1_46' title='bbox 421 692 509 748; x_wconf 88' lang='lat' dir='ltr'>vir,</span> <span class='ocrx_word' id='word_1_47' title='bbox 543 691 673 753; x_wconf 75' lang='lat' dir='ltr'>drus,</span> <span class='ocrx_word' id='word_1_48' title='bbox 701 691 820 739; x_wconf 83' lang='lat' dir='ltr'>casus</span> <span class='ocrx_word' id='word_1_49' title='bbox 840 696 922 743; x_wconf 75' lang='grc' dir='ltr'>ὅτε.</span> <span class='ocrx_word' id='word_1_50' title='bbox 948 710 1022 740; x_wconf 87' lang='lat' dir='ltr'>aut</span> <span class='ocrx_word' id='word_1_51' title='bbox 1041 699 1172 740; x_wconf 87' lang='lat' dir='ltr'>etiam</span> <span class='ocrx_word' id='word_1_52' title='bbox 1192 693 1442 741; x_wconf 66' lang='lat' dir='ltr'>adiunEiam</span> <span class='ocrx_word' id='word_1_53' title='bbox 1464 695 1625 745; x_wconf 85' lang='lat' dir='ltr'>habent</span> <span class='ocrx_word' id='word_1_54' title='bbox 1643 695 1879 745; x_wconf 87' lang='lat' dir='ltr'>consonam</span> <span class='ocrx_word' id='word_1_55' title='bbox 1899 696 2086 756; x_wconf 86' lang='lat' dir='ltr'>finalem,</span> <span class='ocrx_word' id='word_1_56' title='bbox 2105 698 2172 743; x_wconf 91' lang='lat' dir='ltr'>uti</span> <span class='ocrx_word' id='word_1_57' title='bbox 2185 695 2350 762; x_wconf 81' lang='lat' dir='ltr'>gards,</span> 
     </span>
     <span class='ocr_line' id='line_1_9' title="bbox 132 757 1002 819; baseline 0.005 -17"><span class='ocrx_word' id='word_1_58' title='bbox 132 758 317 815; x_wconf 84' lang='lat' dir='ltr'>domus,</span> <span class='ocrx_word' id='word_1_59' title='bbox 353 761 524 814; x_wconf 72' lang='lat' dir='ltr'>taikns,</span> <span class='ocrx_word' id='word_1_60' title='bbox 558 757 744 819; x_wconf 75' lang='lat' dir='ltr'>signum.</span> <span class='ocrx_word' id='word_1_61' title='bbox 999 776 1002 780; x_wconf 89' lang='lat'>·</span> 
     </span>
    </p>

    <p class='ocr_par' dir='ltr' id='par_1_5' title="bbox 130 824 2408 1093">
     <span class='ocr_line' id='line_1_10' title="bbox 331 824 2350 890; baseline 0 -20"><span class='ocrx_word' id='word_1_62' title='bbox 331 826 448 871; x_wconf 87' lang='lat' dir='ltr'>Not.</span> <span class='ocrx_word' id='word_1_63' title='bbox 486 839 533 872; x_wconf 80' lang='lat'>2.</span> <span class='ocrx_word' id='word_1_64' title='bbox 604 824 751 872; x_wconf 90' lang='lat' dir='ltr'>Voces</span> <span class='ocrx_word' id='word_1_65' title='bbox 765 824 981 887; x_wconf 76' lang='lat' dir='ltr'>v{implices</span> <span class='ocrx_word' id='word_1_66' title='bbox 1002 840 1052 872; x_wconf 90' lang='lat' dir='ltr'>ut</span> <span class='ocrx_word' id='word_1_67' title='bbox 1074 826 1321 886; x_wconf 87' lang='lat' dir='ltr'>plurimum</span> <span class='ocrx_word' id='word_1_68' title='bbox 1345 824 1698 890; x_wconf 82' lang='lat' dir='ltr'>monosyllabicae</span> <span class='ocrx_word' id='word_1_69' title='bbox 1722 828 1820 876; x_wconf 86' lang='lat' dir='ltr'>sunt</span> <span class='ocrx_word' id='word_1_70' title='bbox 1830 847 1842 887; x_wconf 83' lang='lat'>3</span> <span class='ocrx_word' id='word_1_71' title='bbox 1878 829 2039 890; x_wconf 88' lang='lat' dir='ltr'>quibus</span> <span class='ocrx_word' id='word_1_72' title='bbox 2070 827 2131 874; x_wconf 90' lang='lat' dir='ltr'>nil</span> <span class='ocrx_word' id='word_1_73' title='bbox 2153 826 2350 888; x_wconf 84' lang='lat' dir='ltr'>impedit,</span> 
     </span>
     <span class='ocr_line' id='line_1_11' title="bbox 132 889 2352 957; baseline 0.001 -23"><span class='ocrx_word' id='word_1_74' title='bbox 132 889 369 947; x_wconf 83' lang='lat' dir='ltr'>quominus</span> <span class='ocrx_word' id='word_1_75' title='bbox 391 907 729 938; x_wconf 85' lang='lat' dir='ltr'>annumeremus</span> <span class='ocrx_word' id='word_1_76' title='bbox 752 892 857 947; x_wconf 85' lang='lat' dir='ltr'>illas,</span> <span class='ocrx_word' id='word_1_77' title='bbox 889 910 985 952; x_wconf 89' lang='lat' dir='ltr'>quae</span> <span class='ocrx_word' id='word_1_78' title='bbox 1003 893 1047 938; x_wconf 90' lang='lat' dir='ltr'>in</span> <span class='ocrx_word' id='word_1_79' title='bbox 1068 890 1265 941; x_wconf 88' lang='lat' dir='ltr'>societate</span> <span class='ocrx_word' id='word_1_80' title='bbox 1287 893 1445 939; x_wconf 86' lang='lat' dir='ltr'>habent</span> <span class='ocrx_word' id='word_1_81' title='bbox 1465 893 1687 955; x_wconf 80' lang='lat' dir='ltr'>praefixam</span> <span class='ocrx_word' id='word_1_82' title='bbox 1707 896 1966 957; x_wconf 85' lang='lat' dir='ltr'>particulam</span> <span class='ocrx_word' id='word_1_83' title='bbox 1986 896 2054 942; x_wconf 85' lang='lat' dir='ltr'>vel</span> <span class='ocrx_word' id='word_1_84' title='bbox 2074 893 2190 940; x_wconf 87' lang='lat' dir='ltr'>aliud</span> <span class='ocrx_word' id='word_1_85' title='bbox 2212 892 2352 952; x_wconf 82' lang='lat' dir='ltr'>quod·</span> 
     </span>
     <span class='ocr_line' id='line_1_12' title="bbox 130 955 2349 1030; baseline 0.001 -30"><span class='ocrx_word' id='word_1_86' title='bbox 130 958 253 1015; x_wconf 85' lang='lat' dir='ltr'>piam</span> <span class='ocrx_word' id='word_1_87' title='bbox 274 973 458 1012; x_wconf 88' lang='lat' dir='ltr'>nomen,</span> <span class='ocrx_word' id='word_1_88' title='bbox 492 958 557 1003; x_wconf 86' lang='lat' dir='ltr'>uti</span> <span class='ocrx_word' id='word_1_89' title='bbox 585 955 925 1021; x_wconf 62' lang='lat' dir='ltr'>anda-namfts,</span> <span class='ocrx_word' id='word_1_90' title='bbox 959 961 1174 1019; x_wconf 85' lang='lat' dir='ltr'>receptio,</span> <span class='ocrx_word' id='word_1_91' title='bbox 1209 958 1466 1023; x_wconf 73' lang='lat' dir='ltr'>urz-mahts,</span> <span class='ocrx_word' id='word_1_92' title='bbox 1507 962 1788 1023; x_wconf 83' lang='lat' dir='ltr'>impotentia,</span> <span class='ocrx_word' id='word_1_93' title='bbox 1815 958 2170 1030; x_wconf 64' lang='lat' dir='ltr'>juggadautlzs,</span> <span class='ocrx_word' id='word_1_94' title='bbox 2205 961 2349 1005; x_wconf 86' lang='lat' dir='ltr'>iuven-</span> 
     </span>
     <span class='ocr_line' id='line_1_13' title="bbox 131 1024 2408 1093; baseline 0.007 -27"><span class='ocrx_word' id='word_1_95' title='bbox 131 1037 222 1077; x_wconf 84' lang='lat' dir='ltr'>tus,</span> <span class='ocrx_word' id='word_1_96' title='bbox 258 1039 443 1081; x_wconf 86' lang='lat' dir='ltr'>quarum</span> <span class='ocrx_word' id='word_1_97' title='bbox 463 1040 564 1084; x_wconf 84' lang='lat' dir='ltr'>pars</span> <span class='ocrx_word' id='word_1_98' title='bbox 582 1024 738 1070; x_wconf 88' lang='lat' dir='ltr'>ultima</span> <span class='ocrx_word' id='word_1_99' title='bbox 758 1042 842 1085; x_wconf 88' lang='lat' dir='ltr'>pro</span> <span class='ocrx_word' id='word_1_100' title='bbox 862 1025 1045 1086; x_wconf 85' lang='lat' dir='ltr'>fimplici</span> <span class='ocrx_word' id='word_1_101' title='bbox 1065 1025 1275 1074; x_wconf 82' lang='lat' dir='ltr'>habenda.</span> <span class='ocrx_word' id='word_1_102' title='bbox 1972 1086 1975 1093; x_wconf 24' lang='lat'><strong><em>(</em></strong></span> <span class='ocrx_word' id='word_1_103' title='bbox 2404 1038 2408 1040; x_wconf 63' lang='grc'><strong><em>’</em></strong></span> 
     </span>
    </p>

    <p class='ocr_par' dir='ltr' id='par_1_6' title="bbox 131 1086 2352 1285">
     <span class='ocr_line' id='line_1_14' title="bbox 333 1086 2351 1153; baseline 0.001 -20"><span class='ocrx_word' id='word_1_104' title='bbox 333 1091 446 1138; x_wconf 88' lang='lat' dir='ltr'>Not.</span> <span class='ocrx_word' id='word_1_105' title='bbox 484 1104 530 1151; x_wconf 79' lang='lat'>3.</span> <span class='ocrx_word' id='word_1_106' title='bbox 599 1093 649 1135; x_wconf 87' lang='lat' dir='ltr'>In</span> <span class='ocrx_word' id='word_1_107' title='bbox 668 1089 927 1136; x_wconf 82' lang='lat' dir='ltr'>antecessum</span> <span class='ocrx_word' id='word_1_108' title='bbox 950 1089 1273 1138; x_wconf 88' lang='lat' dir='ltr'>inobservatum</span> <span class='ocrx_word' id='word_1_109' title='bbox 1301 1110 1390 1139; x_wconf 90' lang='lat' dir='ltr'>uon</span> <span class='ocrx_word' id='word_1_110' title='bbox 1417 1093 1770 1153; x_wconf 70' lang='lat' dir='ltr'>praetermittam,</span> <span class='ocrx_word' id='word_1_111' title='bbox 1806 1097 1988 1141; x_wconf 83' lang='lat' dir='ltr'>nomina</span> <span class='ocrx_word' id='word_1_112' title='bbox 2020 1089 2230 1140; x_wconf 83' lang='lat' dir='ltr'>nonnulla</span> <span class='ocrx_word' id='word_1_113' title='bbox 2251 1086 2351 1150; x_wconf 80' lang='lat' dir='ltr'>effe,</span> 
     </span>
     <span class='ocr_line' id='line_1_15' title="bbox 132 1154 2352 1224; baseline 0.004 -28"><span class='ocrx_word' id='word_1_114' title='bbox 132 1168 227 1212; x_wconf 82' lang='lat' dir='ltr'>quae</span> <span class='ocrx_word' id='word_1_115' title='bbox 245 1169 330 1213; x_wconf 87' lang='lat' dir='ltr'>pro</span> <span class='ocrx_word' id='word_1_116' title='bbox 350 1155 466 1200; x_wconf 87' lang='lat' dir='ltr'>varia</span> <span class='ocrx_word' id='word_1_117' title='bbox 497 1156 804 1201; x_wconf 83' lang='lat' dir='ltr'>terminatione</span> <span class='ocrx_word' id='word_1_118' title='bbox 826 1158 940 1202; x_wconf 89' lang='lat' dir='ltr'>varie</span> <span class='ocrx_word' id='word_1_119' title='bbox 961 1154 1201 1207; x_wconf 53' lang='lat' dir='ltr'>flectantur.</span> <span class='ocrx_word' id='word_1_120' title='bbox 1271 1161 1381 1204; x_wconf 82' lang='lat' dir='ltr'>Haec</span> <span class='ocrx_word' id='word_1_121' title='bbox 1411 1173 1584 1217; x_wconf 83' lang='lat' dir='ltr'>autem,</span> <span class='ocrx_word' id='word_1_122' title='bbox 1623 1177 1676 1207; x_wconf 88' lang='lat' dir='ltr'>ne</span> <span class='ocrx_word' id='word_1_123' title='bbox 1702 1163 1949 1210; x_wconf 86' lang='lat' dir='ltr'>volventem</span> <span class='ocrx_word' id='word_1_124' title='bbox 1974 1160 2161 1212; x_wconf 77' lang='lat' dir='ltr'>codicem</span> <span class='ocrx_word' id='word_1_125' title='bbox 2189 1168 2352 1224; x_wconf 73' lang='lat' dir='ltr'>argen-</span> 
     </span>
     <span class='ocr_line' id='line_1_16' title="bbox 131 1215 1274 1285; baseline 0.005 -20"><span class='ocrx_word' id='word_1_126' title='bbox 131 1230 247 1265; x_wconf 84' lang='lat' dir='ltr'>teum</span> <span class='ocrx_word' id='word_1_127' title='bbox 267 1215 380 1264; x_wconf 87' lang='lat' dir='ltr'>forte</span> <span class='ocrx_word' id='word_1_128' title='bbox 400 1219 597 1278; x_wconf 83' lang='lat' dir='ltr'>turbent,</span> <span class='ocrx_word' id='word_1_129' title='bbox 630 1237 722 1270; x_wconf 93' lang='lat' dir='ltr'>uno</span> <span class='ocrx_word' id='word_1_130' title='bbox 741 1218 948 1269; x_wconf 86' lang='lat' dir='ltr'>fasciculo</span> <span class='ocrx_word' id='word_1_131' title='bbox 971 1219 1274 1285; x_wconf 80' lang='lat' dir='ltr'>compingam.</span> 
     </span>
    </p>
   </div>
   <div class='ocr_carea' id='block_1_4' title="bbox 130 1303 2350 2904">
    <p class='ocr_par' dir='ltr' id='par_1_7' title="bbox 130 1303 1851 1378">
     <span class='ocr_line' id='line_1_17' title="bbox 130 1303 1851 1378; baseline 0.008 -25"><span class='ocrx_word' id='word_1_132' title='bbox 130 1304 277 1361; x_wconf 75' lang='lat' dir='ltr'><em>Audi,</em></span> <span class='ocrx_word' id='word_1_133' title='bbox 312 1303 432 1363; x_wconf 85' lang='lat' dir='ltr'>finis,</span> <span class='ocrx_word' id='word_1_134' title='bbox 469 1323 688 1357; x_wconf 87' lang='lat' dir='ltr'>neutrum.</span> <span class='ocrx_word' id='word_1_135' title='bbox 722 1308 833 1357; x_wconf 85' lang='lat' dir='ltr'>Luc.</span> <span class='ocrx_word' id='word_1_136' title='bbox 861 1316 933 1367; x_wconf 87' lang='lat'>18,</span> <span class='ocrx_word' id='word_1_137' title='bbox 961 1326 1000 1370; x_wconf 86' lang='lat'>5.</span> <span class='ocrx_word' id='word_1_138' title='bbox 1037 1309 1272 1368; x_wconf 80' lang='lat' dir='ltr'>&amp;andeis,</span> <span class='ocrx_word' id='word_1_139' title='bbox 1307 1307 1414 1361; x_wconf 87' lang='lat' dir='ltr'>fem.</span> <span class='ocrx_word' id='word_1_140' title='bbox 1449 1312 1559 1363; x_wconf 86' lang='lat' dir='ltr'>Luc.</span> <span class='ocrx_word' id='word_1_141' title='bbox 1584 1328 1624 1371; x_wconf 92' lang='lat'>1,</span> <span class='ocrx_word' id='word_1_142' title='bbox 1650 1329 1725 1376; x_wconf 82' lang='lat'>33.</span> <span class='ocrx_word' id='word_1_143' title='bbox 1841 1373 1851 1378; x_wconf 65' lang='lat'><em>,</em></span> 
     </span>
    </p>

    <p class='ocr_par' dir='ltr' id='par_1_8' title="bbox 130 1371 1972 1446">
     <span class='ocr_line' id='line_1_18' title="bbox 130 1371 1972 1446; baseline 0.005 -26"><span class='ocrx_word' id='word_1_144' title='bbox 130 1371 447 1428; x_wconf 71' lang='lat' dir='ltr'>Andauaurd,</span> <span class='ocrx_word' id='word_1_145' title='bbox 482 1372 757 1435; x_wconf 78' lang='lat' dir='ltr'>responsum.</span> <span class='ocrx_word' id='word_1_146' title='bbox 796 1377 908 1425; x_wconf 78' lang='lat' dir='ltr'>Luc.</span> <span class='ocrx_word' id='word_1_147' title='bbox 932 1392 1008 1433; x_wconf 85' lang='lat'>20,</span> <span class='ocrx_word' id='word_1_148' title='bbox 1029 1382 1109 1426; x_wconf 80' lang='lat'>26.</span> <span class='ocrx_word' id='word_1_149' title='bbox 1139 1395 1217 1424; x_wconf 90' lang='lat' dir='ltr'>nec</span> <span class='ocrx_word' id='word_1_150' title='bbox 1238 1395 1328 1424; x_wconf 90' lang='lat' dir='ltr'>non</span> <span class='ocrx_word' id='word_1_151' title='bbox 1348 1379 1657 1428; x_wconf 81' lang='lat' dir='ltr'>andavaurdi.</span> <span class='ocrx_word' id='word_1_152' title='bbox 1693 1377 1806 1446; x_wconf 83' lang='lat' dir='ltr'>Joh.</span> <span class='ocrx_word' id='word_1_153' title='bbox 1835 1395 1906 1440; x_wconf 84' lang='lat'>19,</span> <span class='ocrx_word' id='word_1_154' title='bbox 1926 1395 1972 1438; x_wconf 88' lang='lat'>9.</span> 
     </span>
    </p>

    <p class='ocr_par' dir='ltr' id='par_1_9' title="bbox 132 1438 2350 1643">
     <span class='ocr_line' id='line_1_19' title="bbox 132 1438 2349 1506; baseline 0.004 -20"><span class='ocrx_word' id='word_1_155' title='bbox 132 1438 300 1496; x_wconf 84' lang='lat' dir='ltr'>Daur,</span> <span class='ocrx_word' id='word_1_156' title='bbox 335 1443 457 1487; x_wconf 81' lang='lat' dir='ltr'>ianua</span> <span class='ocrx_word' id='word_1_157' title='bbox 472 1478 482 1497; x_wconf 88' lang='lat'>‚</span> <span class='ocrx_word' id='word_1_158' title='bbox 517 1444 710 1488; x_wconf 83' lang='lat' dir='ltr'>neutrius</span> <span class='ocrx_word' id='word_1_159' title='bbox 731 1445 897 1504; x_wconf 84' lang='lat' dir='ltr'>generis</span> <span class='ocrx_word' id='word_1_160' title='bbox 919 1442 990 1493; x_wconf 77' lang='lat' dir='ltr'>est,</span> <span class='ocrx_word' id='word_1_161' title='bbox 1027 1440 1200 1495; x_wconf 63' lang='lat' dir='ltr'>[nauh.</span> <span class='ocrx_word' id='word_1_162' title='bbox 1221 1459 1265 1506; x_wconf 93' lang='lat'>7,</span> <span class='ocrx_word' id='word_1_163' title='bbox 1289 1460 1361 1506; x_wconf 86' lang='lat'>14.</span> <span class='ocrx_word' id='word_1_164' title='bbox 1394 1443 1467 1492; x_wconf 88' lang='lat' dir='ltr'>sed</span> <span class='ocrx_word' id='word_1_165' title='bbox 1487 1447 1606 1505; x_wconf 90' lang='lat' dir='ltr'>quod</span> <span class='ocrx_word' id='word_1_166' title='bbox 1629 1448 1768 1494; x_wconf 86' lang='lat' dir='ltr'>Gothi</span> <span class='ocrx_word' id='word_1_167' title='bbox 1791 1450 1922 1494; x_wconf 88' lang='lat' dir='ltr'>etiam</span> <span class='ocrx_word' id='word_1_168' title='bbox 1941 1446 2113 1504; x_wconf 83' lang='lat' dir='ltr'>dauro,</span> <span class='ocrx_word' id='word_1_169' title='bbox 2143 1443 2349 1493; x_wconf 78' lang='lat' dir='ltr'>feminini</span> 
     </span>
     <span class='ocr_line' id='line_1_20' title="bbox 204 1505 2350 1579; baseline 0.005 -29"><span class='ocrx_word' id='word_1_170' title='bbox 204 1509 395 1566; x_wconf 82' lang='lat' dir='ltr'>generis,</span> <span class='ocrx_word' id='word_1_171' title='bbox 430 1505 703 1568; x_wconf 83' lang='lat' dir='ltr'>usurparint,</span> <span class='ocrx_word' id='word_1_172' title='bbox 738 1525 856 1570; x_wconf 88' lang='lat' dir='ltr'>patet</span> <span class='ocrx_word' id='word_1_173' title='bbox 884 1527 932 1556; x_wconf 89' lang='lat' dir='ltr'>ex</span> <span class='ocrx_word' id='word_1_174' title='bbox 960 1509 1097 1559; x_wconf 83' lang='lat' dir='ltr'>accus.</span> <span class='ocrx_word' id='word_1_175' title='bbox 1133 1512 1198 1573; x_wconf 71' lang='lat' dir='ltr'>pl.</span> <span class='ocrx_word' id='word_1_176' title='bbox 1229 1511 1449 1569; x_wconf 85' lang='lat' dir='ltr'>daurons,</span> <span class='ocrx_word' id='word_1_177' title='bbox 1485 1511 1662 1561; x_wconf 77' lang='lat' dir='ltr'>Matth.</span> <span class='ocrx_word' id='word_1_178' title='bbox 1691 1528 1768 1574; x_wconf 85' lang='lat'>27,</span> <span class='ocrx_word' id='word_1_179' title='bbox 1802 1517 1885 1564; x_wconf 67' lang='lat'>603</span> <span class='ocrx_word' id='word_1_180' title='bbox 1917 1513 2241 1579; x_wconf 31' lang='lat' dir='ltr'>qualem‘nulla</span> <span class='ocrx_word' id='word_1_181' title='bbox 2265 1514 2350 1570; x_wconf 68' lang='lat' dir='ltr'>alia</span> 
     </span>
     <span class='ocr_line' id='line_1_21' title="bbox 201 1573 1527 1643; baseline 0.009 -27"><span class='ocrx_word' id='word_1_182' title='bbox 201 1574 450 1619; x_wconf 86' lang='lat' dir='ltr'>terminatio</span> <span class='ocrx_word' id='word_1_183' title='bbox 471 1573 683 1631; x_wconf 86' lang='lat' dir='ltr'>admittit,</span> <span class='ocrx_word' id='word_1_184' title='bbox 720 1575 761 1621; x_wconf 75' lang='grc' dir='ltr'>δι</span> <span class='ocrx_word' id='word_1_185' title='bbox 780 1575 862 1627; x_wconf 85' lang='lat' dir='ltr'>dat.</span> <span class='ocrx_word' id='word_1_186' title='bbox 879 1576 942 1637; x_wconf 87' lang='lat' dir='ltr'>pl.</span> <span class='ocrx_word' id='word_1_187' title='bbox 962 1576 1179 1638; x_wconf 77' lang='lat' dir='ltr'>daurom,</span> <span class='ocrx_word' id='word_1_188' title='bbox 1214 1577 1325 1643; x_wconf 82' lang='lat' dir='ltr'>Joh.</span> <span class='ocrx_word' id='word_1_189' title='bbox 1354 1587 1425 1636; x_wconf 84' lang='lat'>18,</span> <span class='ocrx_word' id='word_1_190' title='bbox 1450 1594 1466 1627; x_wconf 85' lang='lat'>1</span> <span class='ocrx_word' id='word_1_191' title='bbox 1480 1582 1527 1627; x_wconf 75' lang='lat'>6·</span> 
     </span>
    </p>

    <p class='ocr_par' dir='ltr' id='par_1_10' title="bbox 133 1638 2348 1976">
     <span class='ocr_line' id='line_1_22' title="bbox 133 1638 2348 1707; baseline 0.002 -20"><span class='ocrx_word' id='word_1_192' title='bbox 133 1638 477 1697; x_wconf 76' lang='grc' dir='ltr'><em>Παιιναιανιία,</em></span> <span class='ocrx_word' id='word_1_193' title='bbox 511 1641 704 1698; x_wconf 83' lang='lat' dir='ltr'>ianitrix,</span> <span class='ocrx_word' id='word_1_194' title='bbox 736 1639 846 1707; x_wconf 80' lang='lat' dir='ltr'>Jolz.</span> <span class='ocrx_word' id='word_1_195' title='bbox 877 1650 949 1697; x_wconf 83' lang='lat'>18,</span> <span class='ocrx_word' id='word_1_196' title='bbox 976 1650 1049 1693; x_wconf 84' lang='lat'>16.</span> <span class='ocrx_word' id='word_1_197' title='bbox 1077 1644 1119 1692; x_wconf 72' lang='grc' dir='ltr'>ἃ</span> <span class='ocrx_word' id='word_1_198' title='bbox 1139 1644 1436 1694; x_wconf 83' lang='lat' dir='ltr'>dauravardo</span> <span class='ocrx_word' id='word_1_199' title='bbox 1462 1642 1587 1692; x_wconf 81' lang='lat' dir='ltr'>versu</span> <span class='ocrx_word' id='word_1_200' title='bbox 1608 1642 1824 1706; x_wconf 76' lang='lat' dir='ltr'>sequente.</span> <span class='ocrx_word' id='word_1_201' title='bbox 1891 1646 2024 1695; x_wconf 85' lang='lat' dir='ltr'>Ratio</span> <span class='ocrx_word' id='word_1_202' title='bbox 2052 1648 2279 1707; x_wconf 88' lang='lat' dir='ltr'>utriusque</span> <span class='ocrx_word' id='word_1_203' title='bbox 2300 1645 2348 1692; x_wconf 89' lang='lat' dir='ltr'>in</span> 
     </span>
     <span class='ocr_line' id='line_1_23' title="bbox 199 1706 2347 1776; baseline 0.004 -27"><span class='ocrx_word' id='word_1_204' title='bbox 199 1721 252 1750; x_wconf 89' lang='lat' dir='ltr'>eo</span> <span class='ocrx_word' id='word_1_205' title='bbox 282 1706 402 1762; x_wconf 81' lang='lat' dir='ltr'>latet,</span> <span class='ocrx_word' id='word_1_206' title='bbox 435 1707 554 1764; x_wconf 87' lang='lat' dir='ltr'>quod</span> <span class='ocrx_word' id='word_1_207' title='bbox 575 1723 659 1752; x_wconf 88' lang='lat' dir='ltr'>vox</span> <span class='ocrx_word' id='word_1_208' title='bbox 676 1707 765 1754; x_wconf 84' lang='lat' dir='ltr'>haec</span> <span class='ocrx_word' id='word_1_209' title='bbox 784 1707 1098 1756; x_wconf 71' lang='lat' dir='ltr'>adieffivorum</span> <span class='ocrx_word' id='word_1_210' title='bbox 1120 1728 1316 1758; x_wconf 84' lang='lat' dir='ltr'>naturam</span> <span class='ocrx_word' id='word_1_211' title='bbox 1337 1713 1502 1770; x_wconf 85' lang='lat' dir='ltr'>induat,</span> <span class='ocrx_word' id='word_1_212' title='bbox 1528 1713 1569 1759; x_wconf 74' lang='grc' dir='ltr'>ἃ</span> <span class='ocrx_word' id='word_1_213' title='bbox 1588 1715 1731 1774; x_wconf 87' lang='lat' dir='ltr'>priori</span> <span class='ocrx_word' id='word_1_214' title='bbox 1749 1714 1849 1761; x_wconf 91' lang='lat' dir='ltr'>loco</span> <span class='ocrx_word' id='word_1_215' title='bbox 1870 1729 2061 1775; x_wconf 85' lang='lat' dir='ltr'>ponatur</span> <span class='ocrx_word' id='word_1_216' title='bbox 2078 1713 2347 1776; x_wconf 69' lang='lat' dir='ltr'>simpliciter,</span> 
     </span>
     <span class='ocr_line' id='line_1_24' title="bbox 199 1769 2348 1842; baseline 0.004 -26"><span class='ocrx_word' id='word_1_217' title='bbox 199 1769 433 1831; x_wconf 83' lang='lat' dir='ltr'>posteriori</span> <span class='ocrx_word' id='word_1_218' title='bbox 461 1771 795 1820; x_wconf 84' lang='lat' dir='ltr'>demonstrative</span> <span class='ocrx_word' id='word_1_219' title='bbox 823 1792 921 1820; x_wconf 91' lang='lat' dir='ltr'>cum</span> <span class='ocrx_word' id='word_1_220' title='bbox 948 1777 1132 1822; x_wconf 84' lang='lat' dir='ltr'>articulo</span> <span class='ocrx_word' id='word_1_221' title='bbox 1152 1775 1223 1840; x_wconf 72' lang='lat' dir='ltr'>sb.</span> <span class='ocrx_word' id='word_1_222' title='bbox 1295 1779 1608 1827; x_wconf 80' lang='lat' dir='ltr'>Dauravards</span> <span class='ocrx_word' id='word_1_223' title='bbox 1635 1778 1694 1824; x_wconf 91' lang='lat' dir='ltr'>est</span> <span class='ocrx_word' id='word_1_224' title='bbox 1724 1781 1905 1836; x_wconf 85' lang='lat' dir='ltr'>ianitor,</span> <span class='ocrx_word' id='word_1_225' title='bbox 1952 1797 2047 1842; x_wconf 81' lang='lat' dir='ltr'>cap.</span> <span class='ocrx_word' id='word_1_226' title='bbox 2080 1796 2154 1837; x_wconf 84' lang='lat'>10,</span> <span class='ocrx_word' id='word_1_227' title='bbox 2184 1794 2227 1841; x_wconf 85' lang='lat'>3.</span> <span class='ocrx_word' id='word_1_228' title='bbox 2293 1781 2348 1825; x_wconf 89' lang='lat' dir='ltr'>In</span> 
     </span>
     <span class='ocr_line' id='line_1_25' title="bbox 201 1838 2346 1906; baseline 0.007 -25"><span class='ocrx_word' id='word_1_229' title='bbox 201 1838 388 1882; x_wconf 84' lang='lat' dir='ltr'>eundem</span> <span class='ocrx_word' id='word_1_230' title='bbox 410 1838 594 1883; x_wconf 86' lang='lat' dir='ltr'>modum</span> <span class='ocrx_word' id='word_1_231' title='bbox 615 1842 834 1900; x_wconf 82' lang='lat' dir='ltr'>reperitur</span> <span class='ocrx_word' id='word_1_232' title='bbox 852 1838 1030 1889; x_wconf 82' lang='lat' dir='ltr'>tailzsva</span> <span class='ocrx_word' id='word_1_233' title='bbox 1049 1842 1089 1887; x_wconf 73' lang='grc' dir='ltr'>ὅ(</span> <span class='ocrx_word' id='word_1_234' title='bbox 1112 1838 1303 1900; x_wconf 60' lang='lat' dir='ltr'>taihsvo,</span> <span class='ocrx_word' id='word_1_235' title='bbox 1325 1845 1482 1901; x_wconf 86' lang='lat' dir='ltr'>dextra,</span> <span class='ocrx_word' id='word_1_236' title='bbox 1502 1845 1660 1893; x_wconf 80' lang='lat' dir='ltr'>Marc.</span> <span class='ocrx_word' id='word_1_237' title='bbox 1685 1860 1702 1891; x_wconf 92' lang='lat'>1</span> <span class='ocrx_word' id='word_1_238' title='bbox 1716 1854 1757 1903; x_wconf 89' lang='lat'>6,</span> <span class='ocrx_word' id='word_1_239' title='bbox 1789 1862 1830 1906; x_wconf 83' lang='lat'>5.</span> <span class='ocrx_word' id='word_1_240' title='bbox 1850 1847 1965 1895; x_wconf 67' lang='lat' dir='ltr'>Luc·</span> <span class='ocrx_word' id='word_1_241' title='bbox 1991 1862 2034 1903; x_wconf 85' lang='lat'>1,</span> <span class='ocrx_word' id='word_1_242' title='bbox 2056 1862 2133 1896; x_wconf 80' lang='lat'>11.</span> <span class='ocrx_word' id='word_1_243' title='bbox 2167 1842 2346 1897; x_wconf 69' lang='lat' dir='ltr'>Matth-</span> 
     </span>
     <span class='ocr_line' id='line_1_26' title="bbox 206 1904 1611 1976; baseline 0.006 -27"><span class='ocrx_word' id='word_1_244' title='bbox 206 1917 222 1949; x_wconf 87' lang='lat'>1</span> <span class='ocrx_word' id='word_1_245' title='bbox 240 1917 279 1957; x_wconf 81' lang='grc' dir='ltr'>ς,</span> <span class='ocrx_word' id='word_1_246' title='bbox 300 1917 375 1961; x_wconf 86' lang='lat'>27.</span> <span class='ocrx_word' id='word_1_247' title='bbox 445 1904 514 1949; x_wconf 81' lang='lat' dir='ltr'>Sic</span> <span class='ocrx_word' id='word_1_248' title='bbox 527 1919 744 1970; x_wconf 83' lang='lat' dir='ltr'>garazna</span> <span class='ocrx_word' id='word_1_249' title='bbox 766 1921 886 1953; x_wconf 91' lang='lat' dir='ltr'>notat</span> <span class='ocrx_word' id='word_1_250' title='bbox 903 1908 1111 1965; x_wconf 84' lang='lat' dir='ltr'>vicinum,</span> <span class='ocrx_word' id='word_1_251' title='bbox 1130 1910 1170 1956; x_wconf 83' lang='lat'>&amp;</span> <span class='ocrx_word' id='word_1_252' title='bbox 1183 1926 1393 1976; x_wconf 86' lang='lat' dir='ltr'>garazno</span> <span class='ocrx_word' id='word_1_253' title='bbox 1412 1912 1611 1963; x_wconf 79' lang='lat' dir='ltr'>vicinam.</span> 
     </span>
    </p>

    <p class='ocr_par' dir='ltr' id='par_1_11' title="bbox 130 1967 2344 2235">
     <span class='ocr_line' id='line_1_27' title="bbox 130 1967 2344 2043; baseline 0.006 -27"><span class='ocrx_word' id='word_1_254' title='bbox 130 1967 320 2023; x_wconf 78' lang='lat' dir='ltr'>Dulths,</span> <span class='ocrx_word' id='word_1_255' title='bbox 341 1971 687 2030; x_wconf 84' lang='lat' dir='ltr'>quotiescunque</span> <span class='ocrx_word' id='word_1_256' title='bbox 707 1974 907 2030; x_wconf 83' lang='lat' dir='ltr'>occurrit,</span> <span class='ocrx_word' id='word_1_257' title='bbox 929 1969 1194 2021; x_wconf 87' lang='lat' dir='ltr'>femininum</span> <span class='ocrx_word' id='word_1_258' title='bbox 1214 1975 1283 2022; x_wconf 89' lang='lat' dir='ltr'>est.</span> <span class='ocrx_word' id='word_1_259' title='bbox 1304 1994 1345 2024; x_wconf 86' lang='lat' dir='ltr'>v.</span> <span class='ocrx_word' id='word_1_260' title='bbox 1367 1978 1477 2025; x_wconf 78' lang='lat' dir='ltr'>Luc.</span> <span class='ocrx_word' id='word_1_261' title='bbox 1501 1993 1544 2034; x_wconf 87' lang='lat'>2,</span> <span class='ocrx_word' id='word_1_262' title='bbox 1562 1992 1644 2037; x_wconf 81' lang='lat'>42.</span> <span class='ocrx_word' id='word_1_263' title='bbox 1681 1978 1837 2027; x_wconf 82' lang='lat' dir='ltr'>Marc.</span> <span class='ocrx_word' id='word_1_264' title='bbox 1863 1992 1936 2038; x_wconf 86' lang='lat'>15,</span> <span class='ocrx_word' id='word_1_265' title='bbox 1957 1982 1999 2027; x_wconf 85' lang='lat'>6.</span> <span class='ocrx_word' id='word_1_266' title='bbox 2032 1974 2143 2043; x_wconf 80' lang='lat' dir='ltr'>Joh.</span> <span class='ocrx_word' id='word_1_267' title='bbox 2165 1991 2210 2038; x_wconf 91' lang='lat'>7,</span> <span class='ocrx_word' id='word_1_268' title='bbox 2231 1993 2275 2029; x_wconf 90' lang='lat'>2.</span> <span class='ocrx_word' id='word_1_269' title='bbox 2298 1986 2344 2034; x_wconf 78' lang='lat'>8.</span> 
     </span>
     <span class='ocr_line' id='line_1_28' title="bbox 198 2035 2343 2108; baseline 0.005 -27"><span class='ocrx_word' id='word_1_270' title='bbox 198 2035 329 2081; x_wconf 78' lang='lat' dir='ltr'>unico</span> <span class='ocrx_word' id='word_1_271' title='bbox 350 2035 450 2080; x_wconf 89' lang='lat' dir='ltr'>loco</span> <span class='ocrx_word' id='word_1_272' title='bbox 470 2051 647 2097; x_wconf 84' lang='lat' dir='ltr'>excepto</span> <span class='ocrx_word' id='word_1_273' title='bbox 683 2035 859 2087; x_wconf 82' lang='lat' dir='ltr'>Matth.</span> <span class='ocrx_word' id='word_1_274' title='bbox 884 2053 961 2098; x_wconf 85' lang='lat'>27,</span> <span class='ocrx_word' id='word_1_275' title='bbox 990 2055 1064 2100; x_wconf 75' lang='grc' dir='ltr'>ις.</span> <span class='ocrx_word' id='word_1_276' title='bbox 1101 2042 1176 2088; x_wconf 86' lang='lat' dir='ltr'>ubi</span> <span class='ocrx_word' id='word_1_277' title='bbox 1197 2043 1382 2103; x_wconf 84' lang='lat' dir='ltr'>legimus</span> <span class='ocrx_word' id='word_1_278' title='bbox 1408 2043 1504 2091; x_wconf 84' lang='lat' dir='ltr'>and</span> <span class='ocrx_word' id='word_1_279' title='bbox 1528 2043 1660 2093; x_wconf 79' lang='lat' dir='ltr'>dultlz</span> <span class='ocrx_word' id='word_1_280' title='bbox 1682 2041 1956 2108; x_wconf 78' lang='lat' dir='ltr'>qharjanolz,</span> <span class='ocrx_word' id='word_1_281' title='bbox 1989 2044 2066 2091; x_wconf 87' lang='lat' dir='ltr'>ubi</span> <span class='ocrx_word' id='word_1_282' title='bbox 2085 2042 2343 2108; x_wconf 78' lang='lat' dir='ltr'>qharjanoh</span> 
     </span>
     <span class='ocr_line' id='line_1_29' title="bbox 198 2098 2344 2172; baseline 0.005 -25"><span class='ocrx_word' id='word_1_283' title='bbox 198 2099 255 2147; x_wconf 87' lang='lat' dir='ltr'>est</span> <span class='ocrx_word' id='word_1_284' title='bbox 278 2098 498 2147; x_wconf 83' lang='lat' dir='ltr'>masculini</span> <span class='ocrx_word' id='word_1_285' title='bbox 520 2105 701 2162; x_wconf 82' lang='lat' dir='ltr'>generis.</span> <span class='ocrx_word' id='word_1_286' title='bbox 736 2102 870 2152; x_wconf 87' lang='lat' dir='ltr'>Conf.</span> <span class='ocrx_word' id='word_1_287' title='bbox 896 2107 1006 2154; x_wconf 76' lang='lat' dir='ltr'>Luc.</span> <span class='ocrx_word' id='word_1_288' title='bbox 1032 2115 1103 2163; x_wconf 87' lang='lat'>16,</span> <span class='ocrx_word' id='word_1_289' title='bbox 1130 2125 1168 2168; x_wconf 84' lang='lat'>5.</span> <span class='ocrx_word' id='word_1_290' title='bbox 1201 2107 1375 2159; x_wconf 73' lang='lat' dir='ltr'>Matth.</span> <span class='ocrx_word' id='word_1_291' title='bbox 1401 2124 1473 2166; x_wconf 80' lang='grc' dir='ltr'>ιο,</span> <span class='ocrx_word' id='word_1_292' title='bbox 1497 2125 1574 2172; x_wconf 77' lang='lat'>33.</span> <span class='ocrx_word' id='word_1_293' title='bbox 1642 2109 1740 2156; x_wconf 84' lang='lat' dir='ltr'>Nifi</span> <span class='ocrx_word' id='word_1_294' title='bbox 1760 2112 1930 2159; x_wconf 85' lang='lat' dir='ltr'>credere</span> <span class='ocrx_word' id='word_1_295' title='bbox 1950 2109 2013 2157; x_wconf 87' lang='lat' dir='ltr'>fas</span> <span class='ocrx_word' id='word_1_296' title='bbox 2032 2110 2104 2170; x_wconf 84' lang='lat' dir='ltr'>fit,</span> <span class='ocrx_word' id='word_1_297' title='bbox 2134 2111 2245 2158; x_wconf 86' lang='lat' dir='ltr'>hanc</span> <span class='ocrx_word' id='word_1_298' title='bbox 2262 2126 2344 2159; x_wconf 86' lang='lat' dir='ltr'>ter·</span> 
     </span>
     <span class='ocr_line' id='line_1_30' title="bbox 200 2167 1683 2235; baseline 0.007 -23"><span class='ocrx_word' id='word_1_299' title='bbox 200 2168 486 2214; x_wconf 85' lang='lat' dir='ltr'>minationem</span> <span class='ocrx_word' id='word_1_300' title='bbox 507 2185 531 2216; x_wconf 88' lang='lat'><em>0</em></span> <span class='ocrx_word' id='word_1_301' title='bbox 550 2186 649 2215; x_wconf 89' lang='lat' dir='ltr'>cum</span> <span class='ocrx_word' id='word_1_302' title='bbox 670 2170 849 2217; x_wconf 85' lang='lat' dir='ltr'>vocibus</span> <span class='ocrx_word' id='word_1_303' title='bbox 868 2167 1069 2219; x_wconf 79' lang='lat' dir='ltr'>feminini</span> <span class='ocrx_word' id='word_1_304' title='bbox 1091 2178 1259 2235; x_wconf 80' lang='lat' dir='ltr'>generis</span> <span class='ocrx_word' id='word_1_305' title='bbox 1280 2193 1563 2235; x_wconf 82' lang='lat' dir='ltr'>communem</span> <span class='ocrx_word' id='word_1_306' title='bbox 1587 2175 1683 2229; x_wconf 77' lang='lat' dir='ltr'>esse,</span> 
     </span>
    </p>

    <p class='ocr_par' dir='ltr' id='par_1_12' title="bbox 132 2229 2343 2374">
     <span class='ocr_line' id='line_1_31' title="bbox 132 2229 2343 2310; baseline 0.005 -28"><span class='ocrx_word' id='word_1_307' title='bbox 132 2229 290 2282; x_wconf 71' lang='lat' dir='ltr'>Gardt</span> <span class='ocrx_word' id='word_1_308' title='bbox 312 2233 354 2279; x_wconf 84' lang='lat'>&amp;</span> <span class='ocrx_word' id='word_1_309' title='bbox 376 2233 568 2290; x_wconf 79' lang='lat' dir='ltr'>Garda,</span> <span class='ocrx_word' id='word_1_310' title='bbox 603 2238 726 2296; x_wconf 87' lang='lat' dir='ltr'>prius</span> <span class='ocrx_word' id='word_1_311' title='bbox 748 2234 851 2284; x_wconf 83' lang='lat' dir='ltr'>facit</span> <span class='ocrx_word' id='word_1_312' title='bbox 870 2241 1109 2299; x_wconf 80' lang='lat' dir='ltr'>genitivum</span> <span class='ocrx_word' id='word_1_313' title='bbox 1128 2243 1313 2308; x_wconf 82' lang='lat' dir='ltr'>gardis.</span> <span class='ocrx_word' id='word_1_314' title='bbox 1350 2246 1455 2292; x_wconf 86' lang='lat' dir='ltr'>Luc.</span> <span class='ocrx_word' id='word_1_315' title='bbox 1477 2258 1557 2299; x_wconf 86' lang='lat'>20,</span> <span class='ocrx_word' id='word_1_316' title='bbox 1584 2261 1601 2291; x_wconf 87' lang='lat'>1</span> <span class='ocrx_word' id='word_1_317' title='bbox 1616 2260 1659 2304; x_wconf 80' lang='grc' dir='ltr'>ς.</span> <span class='ocrx_word' id='word_1_318' title='bbox 1695 2242 1909 2304; x_wconf 84' lang='lat' dir='ltr'>posterius</span> <span class='ocrx_word' id='word_1_319' title='bbox 1933 2241 2152 2310; x_wconf 67' lang='lat' dir='ltr'>gardins.</span> <span class='ocrx_word' id='word_1_320' title='bbox 2186 2242 2343 2296; x_wconf 79' lang='lat' dir='ltr'>Marc.</span> 
     </span>
     <span class='ocr_line' id='line_1_32' title="bbox 204 2300 2093 2374; baseline 0.007 -28"><span class='ocrx_word' id='word_1_321' title='bbox 204 2313 275 2357; x_wconf 89' lang='lat'>10,</span> <span class='ocrx_word' id='word_1_322' title='bbox 297 2315 375 2361; x_wconf 82' lang='lat'>30.</span> <span class='ocrx_word' id='word_1_323' title='bbox 412 2301 520 2346; x_wconf 88' lang='lat' dir='ltr'>illud</span> <span class='ocrx_word' id='word_1_324' title='bbox 539 2300 825 2350; x_wconf 82' lang='lat' dir='ltr'>accusativum</span> <span class='ocrx_word' id='word_1_325' title='bbox 843 2305 985 2370; x_wconf 79' lang='lat' dir='ltr'>gard.</span> <span class='ocrx_word' id='word_1_326' title='bbox 1022 2307 1131 2356; x_wconf 84' lang='lat' dir='ltr'>Luc.</span> <span class='ocrx_word' id='word_1_327' title='bbox 1155 2321 1231 2366; x_wconf 71' lang='lat'>20,</span> <span class='ocrx_word' id='word_1_328' title='bbox 1251 2323 1298 2365; x_wconf 83' lang='lat'>9.</span> <span class='ocrx_word' id='word_1_329' title='bbox 1332 2310 1419 2356; x_wconf 92' lang='lat' dir='ltr'>hoc</span> <span class='ocrx_word' id='word_1_330' title='bbox 1445 2310 1648 2373; x_wconf 82' lang='lat' dir='ltr'>gardan.</span> <span class='ocrx_word' id='word_1_331' title='bbox 1677 2308 1788 2374; x_wconf 80' lang='lat' dir='ltr'>Joh.</span> <span class='ocrx_word' id='word_1_332' title='bbox 1814 2324 1887 2366; x_wconf 87' lang='lat'>10,</span> <span class='ocrx_word' id='word_1_333' title='bbox 1916 2325 1953 2358; x_wconf 80' lang='lat' dir='ltr'>t.</span> <span class='ocrx_word' id='word_1_334' title='bbox 2090 2330 2093 2333; x_wconf 87' lang='lat'>·</span> 
     </span>
    </p>

    <p class='ocr_par' dir='ltr' id='par_1_13' title="bbox 134 2365 2340 2495">
     <span class='ocr_line' id='line_1_33' title="bbox 134 2365 2340 2438; baseline 0.005 -25"><span class='ocrx_word' id='word_1_335' title='bbox 134 2365 318 2429; x_wconf 77' lang='lat' dir='ltr'>Gudja‚</span> <span class='ocrx_word' id='word_1_336' title='bbox 353 2367 576 2415; x_wconf 69' lang='lat' dir='ltr'>Sacerdos,</span> <span class='ocrx_word' id='word_1_337' title='bbox 647 2369 859 2416; x_wconf 84' lang='lat' dir='ltr'>Scribitur</span> <span class='ocrx_word' id='word_1_338' title='bbox 874 2372 1028 2438; x_wconf 78' lang='lat' dir='ltr'>gudji,</span> <span class='ocrx_word' id='word_1_339' title='bbox 1064 2377 1172 2424; x_wconf 75' lang='lat' dir='ltr'>Luc.</span> <span class='ocrx_word' id='word_1_340' title='bbox 1196 2391 1237 2432; x_wconf 88' lang='lat'>1,</span> <span class='ocrx_word' id='word_1_341' title='bbox 1264 2391 1305 2435; x_wconf 78' lang='grc' dir='ltr'>ς.</span> <span class='ocrx_word' id='word_1_342' title='bbox 1339 2374 1416 2422; x_wconf 83' lang='lat' dir='ltr'>nifi</span> <span class='ocrx_word' id='word_1_343' title='bbox 1436 2377 1594 2422; x_wconf 78' lang='lat' dir='ltr'>vitIum</span> <span class='ocrx_word' id='word_1_344' title='bbox 1618 2377 1715 2424; x_wconf 85' lang='lat' dir='ltr'>infit</span> <span class='ocrx_word' id='word_1_345' title='bbox 1734 2374 1934 2423; x_wconf 71' lang='lat' dir='ltr'>leffioni:</span> <span class='ocrx_word' id='word_1_346' title='bbox 1970 2375 2073 2422; x_wconf 88' lang='lat' dir='ltr'>alias</span> <span class='ocrx_word' id='word_1_347' title='bbox 2093 2377 2220 2423; x_wconf 85' lang='lat' dir='ltr'>unica</span> <span class='ocrx_word' id='word_1_348' title='bbox 2244 2375 2340 2425; x_wconf 77' lang='lat' dir='ltr'>haee</span> 
     </span>
     <span class='ocr_line' id='line_1_34' title="bbox 194 2429 1309 2495; baseline 0.008 -17"><span class='ocrx_word' id='word_1_349' title='bbox 194 2450 278 2479; x_wconf 87' lang='lat' dir='ltr'>vox</span> <span class='ocrx_word' id='word_1_350' title='bbox 299 2429 413 2478; x_wconf 84' lang='lat' dir='ltr'>foret</span> <span class='ocrx_word' id='word_1_351' title='bbox 433 2432 667 2480; x_wconf 80' lang='lat' dir='ltr'>masculina</span> <span class='ocrx_word' id='word_1_352' title='bbox 682 2472 692 2486; x_wconf 83' lang='lat'>,</span> <span class='ocrx_word' id='word_1_353' title='bbox 727 2452 824 2495; x_wconf 81' lang='lat' dir='ltr'>quae</span> <span class='ocrx_word' id='word_1_354' title='bbox 844 2440 983 2484; x_wconf 85' lang='lat' dir='ltr'>vocali</span> <span class='ocrx_word' id='word_1_355' title='bbox 1002 2443 1019 2486; x_wconf 81' lang='lat' dir='ltr'>i</span> <span class='ocrx_word' id='word_1_356' title='bbox 1037 2442 1309 2492; x_wconf 80' lang='lat' dir='ltr'>terminetur.</span> 
     </span>
    </p>

    <p class='ocr_par' dir='ltr' id='par_1_14' title="bbox 133 2496 2340 2904">
     <span class='ocr_line' id='line_1_35' title="bbox 133 2496 2340 2572; baseline 0.005 -26"><span class='ocrx_word' id='word_1_357' title='bbox 133 2496 285 2546; x_wconf 75' lang='lat' dir='ltr'>Gutln</span> <span class='ocrx_word' id='word_1_358' title='bbox 300 2532 310 2551; x_wconf 85' lang='lat'>,</span> <span class='ocrx_word' id='word_1_359' title='bbox 346 2501 487 2556; x_wconf 83' lang='lat' dir='ltr'>Deus,</span> <span class='ocrx_word' id='word_1_360' title='bbox 515 2496 738 2546; x_wconf 84' lang='lat' dir='ltr'>masculini</span> <span class='ocrx_word' id='word_1_361' title='bbox 760 2505 927 2562; x_wconf 82' lang='lat' dir='ltr'>generis</span> <span class='ocrx_word' id='word_1_362' title='bbox 945 2520 1107 2551; x_wconf 89' lang='lat' dir='ltr'>nomen</span> <span class='ocrx_word' id='word_1_363' title='bbox 1131 2506 1200 2557; x_wconf 73' lang='lat' dir='ltr'>est.</span> <span class='ocrx_word' id='word_1_364' title='bbox 1271 2507 1351 2552; x_wconf 89' lang='lat' dir='ltr'>Sed</span> <span class='ocrx_word' id='word_1_365' title='bbox 1376 2507 1420 2551; x_wconf 89' lang='lat' dir='ltr'>in</span> <span class='ocrx_word' id='word_1_366' title='bbox 1437 2506 1599 2567; x_wconf 87' lang='lat' dir='ltr'>plurali</span> <span class='ocrx_word' id='word_1_367' title='bbox 1622 2524 1806 2555; x_wconf 89' lang='lat' dir='ltr'>numero</span> <span class='ocrx_word' id='word_1_368' title='bbox 1823 2506 1951 2572; x_wconf 82' lang='lat' dir='ltr'>guda</span> <span class='ocrx_word' id='word_1_369' title='bbox 1970 2508 2101 2556; x_wconf 79' lang='lat' dir='ltr'>habet</span> <span class='ocrx_word' id='word_1_370' title='bbox 2120 2510 2163 2555; x_wconf 87' lang='lat' dir='ltr'>in</span> <span class='ocrx_word' id='word_1_371' title='bbox 2184 2526 2340 2571; x_wconf 82' lang='lat' dir='ltr'>genere</span> 
     </span>
     <span class='ocr_line' id='line_1_36' title="bbox 193 2569 2339 2632; baseline 0.006 -22"><span class='ocrx_word' id='word_1_372' title='bbox 193 2581 365 2613; x_wconf 67' lang='lat' dir='ltr'>neutro,</span> <span class='ocrx_word' id='word_1_373' title='bbox 434 2569 538 2612; x_wconf 91' lang='lat' dir='ltr'>Hoc</span> <span class='ocrx_word' id='word_1_374' title='bbox 563 2583 706 2613; x_wconf 85' lang='lat' dir='ltr'>autem</span> <span class='ocrx_word' id='word_1_375' title='bbox 729 2569 793 2613; x_wconf 86' lang='lat' dir='ltr'>vel</span> <span class='ocrx_word' id='word_1_376' title='bbox 822 2572 1071 2617; x_wconf 83' lang='lat' dir='ltr'>eonomine</span> <span class='ocrx_word' id='word_1_377' title='bbox 1102 2571 1442 2628; x_wconf 78' lang='lat' dir='ltr'>observandum,</span> <span class='ocrx_word' id='word_1_378' title='bbox 1478 2574 1598 2632; x_wconf 90' lang='lat' dir='ltr'>quod</span> <span class='ocrx_word' id='word_1_379' title='bbox 1619 2576 1748 2620; x_wconf 80' lang='lat' dir='ltr'>etiam</span> <span class='ocrx_word' id='word_1_380' title='bbox 1777 2576 1822 2619; x_wconf 90' lang='lat' dir='ltr'>in</span> <span class='ocrx_word' id='word_1_381' title='bbox 1841 2577 1894 2624; x_wconf 78' lang='lat' dir='ltr'>L.</span> <span class='ocrx_word' id='word_1_382' title='bbox 1922 2574 2155 2632; x_wconf 80' lang='lat' dir='ltr'>Islandica,</span> <span class='ocrx_word' id='word_1_383' title='bbox 2187 2575 2265 2622; x_wconf 86' lang='lat' dir='ltr'>ubi</span> <span class='ocrx_word' id='word_1_384' title='bbox 2286 2576 2339 2623; x_wconf 87' lang='lat' dir='ltr'>de</span> 
     </span>
     <span class='ocr_line' id='line_1_37' title="bbox 196 2631 2339 2702; baseline 0.005 -25"><span class='ocrx_word' id='word_1_385' title='bbox 196 2649 300 2677; x_wconf 84' lang='lat' dir='ltr'>vero</span> <span class='ocrx_word' id='word_1_386' title='bbox 322 2631 364 2676; x_wconf 87' lang='lat'>&amp;</span> <span class='ocrx_word' id='word_1_387' title='bbox 393 2648 484 2677; x_wconf 87' lang='lat' dir='ltr'>uno</span> <span class='ocrx_word' id='word_1_388' title='bbox 513 2649 664 2678; x_wconf 86' lang='lat' dir='ltr'>rerum</span> <span class='ocrx_word' id='word_1_389' title='bbox 697 2635 899 2680; x_wconf 88' lang='lat' dir='ltr'>omnium</span> <span class='ocrx_word' id='word_1_390' title='bbox 920 2639 1119 2684; x_wconf 90' lang='lat' dir='ltr'>Domino</span> <span class='ocrx_word' id='word_1_391' title='bbox 1152 2637 1295 2685; x_wconf 86' lang='lat' dir='ltr'>sermo</span> <span class='ocrx_word' id='word_1_392' title='bbox 1322 2637 1402 2693; x_wconf 80' lang='lat' dir='ltr'>est,</span> <span class='ocrx_word' id='word_1_393' title='bbox 1441 2638 1557 2688; x_wconf 73' lang='lat' dir='ltr'>Gud</span> <span class='ocrx_word' id='word_1_394' title='bbox 1575 2642 1619 2685; x_wconf 89' lang='lat' dir='ltr'>iu</span> <span class='ocrx_word' id='word_1_395' title='bbox 1646 2657 1799 2701; x_wconf 85' lang='lat' dir='ltr'>genere</span> <span class='ocrx_word' id='word_1_396' title='bbox 1827 2639 2066 2688; x_wconf 82' lang='lat' dir='ltr'>masculino</span> <span class='ocrx_word' id='word_1_397' title='bbox 2088 2640 2339 2702; x_wconf 87' lang='lat' dir='ltr'>usurpetur,</span> 
     </span>
     <span class='ocr_line' id='line_1_38' title="bbox 194 2694 2339 2774; baseline 0.007 -33"><span class='ocrx_word' id='word_1_398' title='bbox 194 2694 264 2743; x_wconf 90' lang='lat' dir='ltr'>sed</span> <span class='ocrx_word' id='word_1_399' title='bbox 278 2696 375 2763; x_wconf 78' lang='lat' dir='ltr'>god</span> <span class='ocrx_word' id='word_1_400' title='bbox 390 2698 433 2742; x_wconf 87' lang='lat' dir='ltr'>in</span> <span class='ocrx_word' id='word_1_401' title='bbox 453 2715 606 2758; x_wconf 85' lang='lat' dir='ltr'>genere</span> <span class='ocrx_word' id='word_1_402' title='bbox 626 2715 778 2745; x_wconf 81' lang='lat' dir='ltr'>neutro</span> <span class='ocrx_word' id='word_1_403' title='bbox 793 2737 804 2757; x_wconf 83' lang='lat'>,</span> <span class='ocrx_word' id='word_1_404' title='bbox 838 2701 912 2748; x_wconf 86' lang='lat' dir='ltr'>ubi</span> <span class='ocrx_word' id='word_1_405' title='bbox 934 2702 985 2748; x_wconf 88' lang='lat' dir='ltr'>de</span> <span class='ocrx_word' id='word_1_406' title='bbox 1012 2703 1146 2754; x_wconf 72' lang='lat' dir='ltr'>idolo,</span> <span class='ocrx_word' id='word_1_407' title='bbox 1216 2706 1424 2766; x_wconf 83' lang='lat' dir='ltr'>Exempla</span> <span class='ocrx_word' id='word_1_408' title='bbox 1452 2706 1575 2752; x_wconf 80' lang='lat' dir='ltr'>attuli</span> <span class='ocrx_word' id='word_1_409' title='bbox 1595 2708 1640 2751; x_wconf 90' lang='lat' dir='ltr'>in</span> <span class='ocrx_word' id='word_1_410' title='bbox 1661 2706 1799 2752; x_wconf 88' lang='lat' dir='ltr'>indice</span> <span class='ocrx_word' id='word_1_411' title='bbox 1816 2707 1870 2752; x_wconf 85' lang='lat' dir='ltr'>ad</span> <span class='ocrx_word' id='word_1_412' title='bbox 1876 2705 2151 2774; x_wconf 82' lang='lat' dir='ltr'>fragmenta</span> <span class='ocrx_word' id='word_1_413' title='bbox 2174 2706 2339 2772; x_wconf 73' lang='lat' dir='ltr'>Utplzi-</span> 
     </span>
     <span class='ocr_line' id='line_1_39' title="bbox 195 2763 2335 2833; baseline 0.006 -24"><span class='ocrx_word' id='word_1_414' title='bbox 195 2763 316 2810; x_wconf 84' lang='lat' dir='ltr'>lana.</span> <span class='ocrx_word' id='word_1_415' title='bbox 386 2764 516 2811; x_wconf 89' lang='lat' dir='ltr'>Addo</span> <span class='ocrx_word' id='word_1_416' title='bbox 535 2781 670 2822; x_wconf 88' lang='lat' dir='ltr'>nunc,</span> <span class='ocrx_word' id='word_1_417' title='bbox 700 2768 790 2812; x_wconf 80' lang='lat' dir='ltr'>veri</span> <span class='ocrx_word' id='word_1_418' title='bbox 811 2768 921 2813; x_wconf 88' lang='lat' dir='ltr'>mihi</span> <span class='ocrx_word' id='word_1_419' title='bbox 944 2767 1078 2816; x_wconf 81' lang='lat' dir='ltr'>{imile</span> <span class='ocrx_word' id='word_1_420' title='bbox 1098 2771 1254 2828; x_wconf 86' lang='lat' dir='ltr'>videri,</span> <span class='ocrx_word' id='word_1_421' title='bbox 1283 2771 1629 2833; x_wconf 83' lang='lat' dir='ltr'>Anglo-Saxones</span> <span class='ocrx_word' id='word_1_422' title='bbox 1649 2773 1805 2819; x_wconf 85' lang='lat' dir='ltr'>eodem</span> <span class='ocrx_word' id='word_1_423' title='bbox 1825 2773 2050 2823; x_wconf 79' lang='lat' dir='ltr'>idiotismo</span> <span class='ocrx_word' id='word_1_424' title='bbox 2069 2772 2170 2822; x_wconf 88' lang='lat' dir='ltr'>usos</span> <span class='ocrx_word' id='word_1_425' title='bbox 2189 2771 2335 2822; x_wconf 76' lang='lat' dir='ltr'>fuiss&#39;e·</span> 
     </span>
     <span class='ocr_line' id='line_1_40' title="bbox 195 2825 2334 2904; baseline 0.006 -29"><span class='ocrx_word' id='word_1_426' title='bbox 195 2825 439 2891; x_wconf 80' lang='lat' dir='ltr'>Benfimius</span> <span class='ocrx_word' id='word_1_427' title='bbox 458 2845 568 2876; x_wconf 87' lang='lat' dir='ltr'>certe</span> <span class='ocrx_word' id='word_1_428' title='bbox 589 2831 719 2879; x_wconf 86' lang='lat' dir='ltr'>habet</span> <span class='ocrx_word' id='word_1_429' title='bbox 736 2832 912 2898; x_wconf 79' lang='lat' dir='ltr'>gedvol·</span> <span class='ocrx_word' id='word_1_430' title='bbox 925 2839 1064 2900; x_wconf 80' lang='lat' dir='ltr'>goda,</span> <span class='ocrx_word' id='word_1_431' title='bbox 1095 2838 1227 2884; x_wconf 82' lang='lat' dir='ltr'>idola.</span> <span class='ocrx_word' id='word_1_432' title='bbox 1302 2837 1462 2888; x_wconf 82' lang='lat' dir='ltr'>Godas</span> <span class='ocrx_word' id='word_1_433' title='bbox 1482 2840 1600 2886; x_wconf 87' lang='lat' dir='ltr'>enim</span> <span class='ocrx_word' id='word_1_434' title='bbox 1617 2841 1860 2902; x_wconf 80' lang='lat' dir='ltr'>requireret</span> <span class='ocrx_word' id='word_1_435' title='bbox 1875 2857 2011 2904; x_wconf 84' lang='lat' dir='ltr'>genus</span> <span class='ocrx_word' id='word_1_436' title='bbox 2028 2840 2334 2889; x_wconf 74' lang='lat' dir='ltr'>masculinum.</span> 
     </span>
    </p>
   </div>
   <div class='ocr_carea' id='block_1_5' title="bbox 128 2909 2333 3055">
    <p class='ocr_par' dir='ltr' id='par_1_15' title="bbox 128 2909 2333 3055">
     <span class='ocr_line' id='line_1_41' title="bbox 128 2909 2209 3047; baseline 0.012 -86"><span class='ocrx_word' id='word_1_437' title='bbox 128 2909 280 2973; x_wconf 78' lang='lat' dir='ltr'>Isara,</span> <span class='ocrx_word' id='word_1_438' title='bbox 315 2930 436 2972; x_wconf 76' lang='lat' dir='ltr'>cura,</span> <span class='ocrx_word' id='word_1_439' title='bbox 478 2918 631 2968; x_wconf 82' lang='lat' dir='ltr'>Marc.</span> <span class='ocrx_word' id='word_1_440' title='bbox 651 2935 699 2982; x_wconf 81' lang='lat'>4,</span> <span class='ocrx_word' id='word_1_441' title='bbox 724 2929 800 2983; x_wconf 75' lang='lat'>38.</span> <span class='ocrx_word' id='word_1_442' title='bbox 837 2921 878 2968; x_wconf 69' lang='grc' dir='ltr'>ὃ(</span> <span class='ocrx_word' id='word_1_443' title='bbox 896 2926 1002 2982; x_wconf 71' lang='lat' dir='ltr'>kar,</span> <span class='ocrx_word' id='word_1_444' title='bbox 1036 2921 1147 2988; x_wconf 85' lang='lat' dir='ltr'>Joh.</span> <span class='ocrx_word' id='word_1_445' title='bbox 1173 2938 1245 2984; x_wconf 85' lang='lat'>10,</span> <span class='ocrx_word' id='word_1_446' title='bbox 1270 2939 1344 2987; x_wconf 84' lang='lat'>13.</span> <span class='ocrx_word' id='word_1_447' title='bbox 2153 2992 2209 3047; x_wconf 77' lang='lat' dir='ltr'><em>K</em></span> 
     </span>
     <span class='ocr_line' id='line_1_42' title="bbox 2199 3011 2333 3055; baseline 0.022 -11"><span class='ocrx_word' id='word_1_448' title='bbox 2199 3011 2333 3055; x_wconf 84' lang='lat' dir='ltr'>aurn,</span> 
     </span>
    </p>
   </div>
  </div>
 </body>
</html>
