2473 3380
196 152 262 201 52
570 185 572 187 ,
878 138 1672 198 EVANGELlUM

193 264 279 310 26.
315 255 623 304 withrawa'irth
661 252 896 322 galeilaia.
940 257 979 313 c)
1338 258 1418 302 26.
1453 254 1614 300 Contra
1646 253 1882 302 Galilaeam.

192 338 273 386 27.
309 323 391 371 saei
410 322 598 371 habaida
619 320 970 381 unhulthonsa)
990 319 1102 366 mela
1122 319 1260 381 lagga.
1338 332 1416 380 27.
1451 320 1544 383 Qii
1568 319 1765 369 habebat..
1780 322 1996 368 daemonia
2027 334 2226 383 tempore
2252 323 2402 387 longo.

195 406 274 455 30.
307 388 408 437 frah
429 389 532 436 than
559 391 631 436 ina
657 387 786 436 iaisus
806 385 1061 452 quitlzands.
1082 387 1125 447 e)
1340 400 1419 448 30.
1454 385 1740 448 Interrogavit
1768 402 1914 435 autem
1950 405 2052 435 eum
2081 386 2203 452 jesus
2239 390 2403 441 dicens.
2445 423 2447 426 ι

197 472 273 524 32.
304 457 379 521 jah
405 455 630 504 uslaubida
660 460 737 502 im.
760 452 823 517 f)
1341 465 1417 513 32.
1452 454 1507 498 Et
1536 452 1731 513 permisit
1767 453 1865 500 illis.
2215 478 2229 483 Α

196 540 279 591 33.
314 522 638 584 usgaggandans
679 520 801 586 than*
825 517 926 567 suns
961 520 1054 566 thai
1095 516 1256 568 unhul·
1340 534 1420 581 33.
1464 521 1677 565 Exeuntes
1721 535 1865 566 autem
1906 518 2136 568 confestim
2179 521 2399 570 daemones

260 589 410 640 tham.
438 590 494 654 g)
540 583 594 632 af
626 586 823 633 tham‘ma
867 602 1004 636 mann
1044 586 1094 646 Ιι)
1140 587 1258 652 gali·
1405 603 1453 631 ex
1487 584 1564 630 illo
1598 587 1693 632 viro
1736 587 2001 633 intraverunt
2034 589 2080 633 in
2121 603 2305 649 porcos,
2357 588 2402 635 ὅ(

261 655 376 706 than
407 654 444 713 i)
495 653 540 698 in
574 652 654 699 tho
691 650 857 701 sweina.
926 653 999 710 iah
1043 670 1162 702 rann
1198 651 1259 716 sb
1402 650 1554 699 ruebat
1573 667 1674 713 grex
1694 668 1743 698 ex
1772 655 2020 715 praecipitio
2041 656 2088 700 in
2108 655 2266 705 lacum.

259 718 458 772 wrielzus
475 719 532 834 lk)
565 717 664 768 and
689 717 876 786 drizfim
906 723 952 770 in
987 717 1129 771 tlzana
1159 735 1262 769 vna-⁸

262 794 309 838 ri
330 795 432 836 aim,
502 789 518 846 )

191 871 258 922 34
295 786 623 922 sgatlztaulmn
658 855 754 914 ηπ)
820 852 894 916 jah
951 854 1158 915 gataihun
1215 856 1262 902 in
1344 867 1421 915 34.
1463 854 1692 914 Fugerunt
1727 849 1769 898 &
1806 851 2058 900 nuntiarunt
2099 854 2146 900 in
2181 853 2316 911 urbe,
2359 852 2403 901 81

255 923 409 987 baurg
437 919 493 982 n)
523 921 600 982 jah
631 924 678 968 in
712 918 882 984 weihstz.
917 921 961 979 ο)
1409 936 1489 981 per
1525 920 1661 965 vicos.
2319 934 2402 981 35.

213 1000 2388 1022 W

298 1027 403 1071 zelio,
431 1026 490 1065 vel
506 1038 586 1064 non
606 1024 674 1064 nifi
692 1024 804 1065 semel
822 1025 914 1076 legit
930 1024 1122 1076 Ulpbilas,
1147 1025 1193 1063 ad
1212 1037 1389 1064 normam
1409 1024 1530 1064 Codd.
1551 1023 1645 1063 Bodl
1682 1038 1716 1062 2.
1746 1023 1863 1061 Laud.
1888 1035 1922 1070 ς’.
1957 1023 2057 1063 Seld.
2077 1037 2114 1072 4.
2136 1026 2208 1066 ἃς.
2252 1038 2287 1064 ν.
2314 1023 2402 1063 Mil-

300 1081 387 1121 lium
408 1080 431 1118 l.
451 1092 470 1117 c
501 1092 542 1130 p.
560 1091 612 1117 m.
636 1090 727 1125 147.
746 1079 805 1118 vel
829 1079 1177 1129 interpretationem
1195 1077 1300 1117 suam
1317 1077 1429 1116 semel
1451 1077 1645 1129 scriptam,
1677 1075 1734 1115 b=s
1755 1075 1959 1127 legendam
1978 1077 2111 1121 voluit.
2172 1078 2233 1118 De
2248 1090 2338 1118 voce
2366 1091 2401 1118 v.

300 1133 387 1185 Jun
419 1133 459 1172 in
476 1131 619 1171 Glossar
650 1145 686 1184 p.
715 1144 800 1178 331.
822 1132 862 1171 in
874 1143 949 1183 qua
964 1132 1142 1183 Append.
1165 1132 1430 1171 addendorum
1448 1146 1484 1184 p.
1505 1138 1596 1180 431.

246 1190 285 1239 c)
312 1189 347 1240 J.
362 1184 523 1240 galilaia,
552 1198 575 1225 v
617 1183 723 1236 supra
742 1198 775 1224 c.
805 1196 838 1231 2,
856 1198 895 1233 4.
913 1195 989 1223 not<
1016 1196 1042 1221 t.
1067 1186 1121 1226 St.
1143 1187 1174 1224 ὅ(
1198 1187 1237 1224 Β.
1259 1184 1471 1227 emendate.

246 1242 300 1293 d)
330 1239 464 1279 Codex
481 1251 561 1277 non
578 1237 689 1276 habet
698 1235 877 1289 skohsla,
912 1247 958 1275 ut
973 1236 1070 1284 Jnn.
1099 1250 1170 1275 nec
1191 1236 1343 1291 skohsla
1366 1235 1596 1283 unludthons,
1631 1245 1677 1276 ut
1702 1233 1790 1274 edit.
1822 1232 1930 1275 Bene..
1966 1249 2006 1288 p.
2037 1246 2124 1274 221.
2151 1233 2213 1273 {ed
2239 1232 2335 1273 illud
2360 1235 2403 1274 in

300 1293 496 1344 margine,
523 1290 597 1329 hoc
614 1300 765 1336 autem,
795 1302 865 1328 ceu
883 1300 989 1328 antea
1010 1291 1253 1337 monuimus,
1292 1291 1331 1329 in
1351 1299 1457 1328 textu
1473 1290 1666 1341 reperitur.
1731 1289 1964 1339 Cetei-oquin
1994 1301 2074 1326 non
2103 1286 2154 1327 est
2180 1298 2403 1339 praetereun-

299 1345 418 1392 dum,
437 1342 595 1398 skohsla
612 1343 728 1392 Jmtio
745 1341 827 1382 satis
844 1341 981 1394 frigide
1000 1341 1156 1384 derivari
1174 1357 1194 1382 a
1201 1342 1236 1395 s
1233 1342 1315 1397 kog,
1354 1341 1474 1397 sylva,
1504 1357 1541 1383 ν.
1564 1339 1681 1381 Gloss'.
1700 1339 1812 1379 Goth.
1832 1353 1867 1391 p.
1898 1341 1983 1386 306.
2002 1353 2147 1391 quum,
2184 1339 2210 1378 fi
2231 1341 2324 1391 quid
2350 1341 2403 1380 vi-

300 1398 395 1445 deo,
425 1396 668 1436 commodius
687 1395 814 1435 referri
830 1396 939 1448 poffit
958 1395 1004 1434 ad
1025 1397 1142 1435 Germ
1171 1395 1337 1447 fiheuen,
1365 1395 1469 1434 unde
1479 1394 1688 1445 scheuchen,
1727 1403 1881 1439 terrere,
1912 1391 2086 1445 scherfizl,
2120 1394 2401 1433 terriculamen-

300 1463 409 1497 tum,
436 1450 766 1496 execramentum,
798 1450 829 1487 ἅ
843 1446 1054 1501 ]ῖ·1ιειι[[ιε1ι,
1080 1447 1231 1500 hesslt'clz.
1260 1448 1389 1487 Sueth.
1411 1446 1574 1499 lszelig‚
1610 1445 1757 1498 aspeelu
1774 1444 1919 1492 foedus,
1955 1445 2207 1493 metuendus,
2247 1447 2403 1498 quibus·

299 1517 395 1545 cum
412 1502 626 1554 significatu
644 1504 678 1541 ὅ(
696 1502 794 1541 facili
811 1503 1004 1543 literarum
1021 1502 1322 1542 commutatione
1340 1514 1414 1541 vox
1432 1499 1592 1540 Gothica
1611 1499 1811 1538 convenire
1825 1497 1987 1538 videtur.
2015 1513 2048 1537 v.
2069 1498 2211 1537 lVacht.
2229 1501 2268 1541 in
2289 1498 2404 1539 Gloss.

296 1555 434 1599 Germ.
453 1570 489 1608 p.
513 1566 626 1603 1405.
646 1554 856 1593 unlznltlzom
879 1565 1029 1602 autem,
1057 1556 1098 1593 in
1121 1555 1221 1594 reeto
1240 1554 1419 1606 {iugulari
1428 1553 1469 1605 so
1488 1551 1674 1599 milmltlzo,
1702 1551 1838 1590 femin.
1868 1552 1988 1590 Mare.
2015 1562 2051 1598 7,
2073 1565 2090 1588 2
2098 1562 2130 1601 9.
2159 1552 2195 1589 ἅ
2205 1551 2252 1603 ]ἱι
2277 1551 2403 1592 unhul·

298 1610 383 1658 tha,
411 1607 567 1649 mascul.
586 1610 675 1647 Luc.
696 1621 734 1656 4,
758 1619 818 1655 35.
836 1607 961 1654 unde,
990 1609 1030 1647 in
1048 1606 1131 1646 casu
1149 1608 1249 1647 reilo
1268 1608 1423 1659 plurali,
1452 1603 1684 1648 mzlzulthans,
1713 1604 1919 1651 claemonia,
1947 1602 2138 1643 descendit
2155 1603 2201 1642 ab
2221 1618 2289 1652 un,
2321 1619 2403 1658 par·

298 1664 417 1703 ticula
434 1662 625 1702 defeetum
642 1661 702 1699 vel
747 1662 941 1700 ravitatem
967 1659 1225 1713 significante,
1264 1663 1298 1699 ἅ
1326 1659 1462 1705 lzulths,
1494 1660 1576 1697 Luc
1613 1664 1670 1703 18,
1695 1669 1757 1703 13.
1780 1654 1938 1707 Anglos.
1975 1655 2073 1704 hold,
2108 1656 2246 1696 Island.
2269 1658 2403 1707 lzollur,

299 1717 407 1768 Belg.
427 1714 537 1762 houd,
565 1713 694 1754 Sueth.
727 1713 818 1763 zuld,
843 1714 1074 1756 benevolus.
1101 1713 1221 1761 fidus,
1250 1714 1410 1752 omnino
1429 1710 1566 1752 fidelis:
1594 1709 1698 1751 unde
1716 1708 1874 1763 Angloll
1900 1707 2047 1758 unlzold,
2083 1710 2285 1761 inimicus,
2319 1709 2403 1752 infi-

299 1769 392 1816 dus,
419 1767 548 1808 Sueth.
573 1765 669 1806 foret
687 1764 799 1805 olmld.
850 1766 912 1807 cfr
936 1767 1034 1817 Jun.
1054 1764 1170 1807 Gloss.
1189 1779 1277 1821 pag.
1301 1778 1393 1816 204·
1870 1764 1871 1767 '
2274 1787 2276 1789 >

179 1832 185 1833 ⁷
245 1823 280 1874 e)
304 1825 356 1863 St.
376 1824 409 1860 ὅ(
429 1823 470 1860 Β.
488 1820 597 1861 reele.
651 1822 689 1874 J.
720 1822 879 1871 praeterit
896 1833 1044 1860 vocem.

232 1878 294 1929 f)
321 1877 360 1929 J.
379 1876 413 1914 δ(
431 1875 483 1914 St.
502 1876 558 1921 in,
579 1872 791 1920 levissimo,
815 1885 859 1913 ut
883 1884 1054 1927 apparet,
1101 1888 1222 1914 errore
1247 1870 1554 1914 amanuensium·

273 1933 288 1978 )
314 1929 495 1969 Diximus
514 1940 657 1979 nuper,
686 1939 721 1966 v.
744 1937 803 1971 27.
839 1926 904 1965 cfr.
926 1928 1015 1967 edit.
1035 1927 1133 1965 Benz
1162 1942 1200 1979 p.
1221 1939 1311 1968 222.
1539 1966 1541 1968 .

258 1984 286 2033 1)
310 1981 414 2020 Editi
431 1993 579 2027 manna,
635 1991 823 2031 erperam,
868 1993 902 2019 v.
921 1978 1030 2032 supra
1054 1978 1146 2022 vers.
1174 1991 1235 2031 29.
1262 1981 1371 2019 Mare
1405 1993 1438 2027 7,
1465 1987 1520 2024 ις.
1538 1975 1748 2026 eademque
1781 1972 1833 2013 est
1859 1973 2073 2014 terminatio
2095 1974 2215 2025 ,dativi
2240 1976 2402 2018 ablativo

294 2031 578 2084 Moesogothico
610 2033 741 2080 imilis,
769 2045 808 2074 ν.
826 2032 965 2073 Matth.
989 2043 1025 2080 7,
1046 2033 1108 2073 26.
1138 2040 1171 2080 8,
1198 2045 1233 2080 4·
1254 2034 1375 2071 Marc.
1394 2042 1433 2080 7,
1452 2043 1512 2069 20.
1534 2028 1623 2082 Joh.
1647 2039 1684 2080 9,
1710 2037 1746 2068 1.
1800 2029 1860 2068 De
1887 2040 1978 2066 voce
2010 2028 2162 2079 egimus
2186 2030 2233 2068 ad
2254 2031 2401 2073 Matth.

301 2093 320 2129 8
367 2101 404 2124 2.
450 2115 456 2121 .
481 2086 522 2123 in
545 2086 659 2124 notis.

242 2138 276 2189 i)
310 2115 350 2191 J'.
369 2139 404 2178 ὅ(
421 2097 478 2179 ξε.
498 2136 681 2189 iddjedun,
710 2136 817 2188 quod
834 2135 931 2177 nihil
949 2136 1107 2189 quidem
1125 2136 1206 2177 vitii
1222 2135 1356 2184 habet,
1384 2145 1635 2188 praeterquam
1651 2132 1756 2185 quod
1770 2131 1861 2170 huic
1877 2132 1961 2172 loco
1980 2146 2061 2172 non
2077 2132 2120 2172 sit
2135 2136 2400 2177 accommoda-

298 2203 406 2238 tum,
435 2191 482 2230 ad
509 2190 805 2242 exprimendum
833 2190 893 2238 id,
929 2190 1036 2242 quud
1054 2189 1138 2229 heic
1162 2191 1359 2236 innuitur;
1384 2188 1616 2228 restituimus
1639 2187 1758 2238 igitur
1778 2183 1960 2237 galitlmn,
1986 2198 2063 2238 quo
2093 2186 2140 2225 de
2166 2188 2232 2229 cfr.
2258 2190 2398 2232 Matth.

325 2274 334 2290 ,
364 2255 426 2289 13.
457 2253 538 2282 not.
589 2272 597 2280 .

244 2255 356 2349 k)7B.
375 2309 422 2335 ex
440 2242 655 2335 conieejtcura
679 2292 844 2347 supplet:
859 2293 902 2346 fi>
927 2293 1072 2343 hairda,
1102 2296 1207 2348 quod
1226 2294 1424 2346 Ulphilam
1440 2291 1610 2332 {imiliter
1627 2291 1819 2330 merorem
1836 2289 2023 2342 agnoscit,
2059 2304 2096 2330 v.
2117 2289 2257 2336 Matth.
2281 2302 2314 2341 8,
2339 2307 2400 2342 32,

295 2351 420 2391 Marc.
441 2360 476 2396 ς,
497 2361 558 2396 13.
613 2349 711 2387 Heic
728 2361 815 2387 vero
835 2347 958 2386 codici
974 2346 1101 2388 nostro
1118 2348 1355 2387 reddidimus
1372 2348 1558 2386 veriorem
1584 2344 1786 2383 lefflonem
1800 2341 1844 2393 sb
1875 2343 2047 2390 umidius,
2084 2345 2257 2384 eiusdem
2291 2346 2399 2387 fami·

296 2404 355 2443 liae
372 2414 506 2442 vocem
521 2430 531 2449 ,
557 2413 600 2440 ac
617 2399 777 2452 Anglos.
793 2400 927 2442 vraeth.
956 2413 1068 2450 grex,
1098 2401 1247 2438 Beuzon,
1268 2399 1372 2439 unde
1396 2395 1681 2442 vraed-maelum,
1712 2396 1921 2446 gregatim,
1959 2395 2062 2445 apud
2080 2395 2295 2437 Somneram.
2352 2403 2397 2441 11»

295 2455 446 2508 legibus
464 2455 627 2495 Scanic‘is
643 2467 676 2505 p.
705 2464 763 2497 31.
785 2453 947 2491 occurrit
964 2453 1078 2491 etiam
1097 2451 1205 2491 wrad
1216 2451 1338 2503 swina
1360 2449 1484 2497 wrad,
1515 2462 1608 2501 grex
1623 2460 1839 2500 porcorum.
1894 2447 2030 2486 Forsan
2047 2450 2132 2489 Itali
2149 2450 2238 2492 inde
2255 2451 2399 2494 servant

306 2508 436 2556 bracio,
461 2506 626 2546 bradume
646 2517 737 2556 quas
759 2518 869 2544 voces
894 2517 958 2555 aeg.
978 2504 1167 2558 Menagius
1194 2506 1354 2557 explicat
1372 2505 1530 2555 quantita
1555 2502 1589 2539 di
1606 2499 1761 2551 hestiame
1784 2512 1853 2538 non
1881 2499 2032 2543 domato.

248 2562 284 2612 l)
310 2561 413 2601 Editi
431 2574 511 2600 non
527 2560 673 2612 replent
690 2556 857 2597 versum:
886 2570 956 2596 nos
981 2558 1196 2610 integrum,
1225 2557 1272 2597 ad
1295 2556 1457 2596 duelum
1475 2555 1615 2594 codicis
1632 2554 1837 2605 Argentei‚
1874 2552 2114 2594 exhibemus.

243 2616 302 2666 m)
329 2615 404 2654 Sic.
420 2627 458 2656 v.
479 2611 598 2652 Mare.
621 2623 656 2659 5,
679 2622 736 2658 14*
760 2623 818 2658 14,
842 2621 904 2656 50.
928 2611 987 2657 16,
1010 2618 1045 2653 8.
1072 2613 1106 2663 J.
1128 2612 1161 2649 8<
1180 2612 1231 2650 St.
1248 2609 1473 2665 gatlzlazy'an.
1506 2607 1686 2648 Radicem
1706 2607 1806 2645 vocis
1823 2605 2006 2645 babemus
2024 2608 2065 2646 in
2080 2607 2259 2657 tlz'iuham
2285 2607 2395 2662 fuge-

294 2668 359 2716 re,
386 2668 480 2706 Lu'e.
497 2670 541 2713 ’3,
564 2677 600 2712 7.
619 2663 723 2703 unde
739 2662 897 2710 tlzlauhs,
920 2661 1034 2714 fuga,
1062 2666 1182 2703 Marc.
1207 2675 1266 2710 13,
1292 2670 1350 2706 18·
1370 2662 1530 2713 quibus,
1563 2661 1678 2700 literis
1695 2659 1734 2697 tlz
1754 2660 1793 2698 in
1806 2658 1848 2709 f
1864 2658 2066 2707 conversis,
2106 2659 2233 2699 affinia
2266 2663 2396 2703 viden-

298 2731 362 2760 tur
383 2715 669 2771 Anglossfloen‚
699 2716 818 2755 Frane
851 2716 884 2754 ἅ
901 2717 1017 2755 Alam
1037 2715 1184 2767 flielzen,
1200 2714 1359 2767 fleohan‚
1386 2713 1514 2754 Sueth‚
1524 2711 1598 2764 fly,
1624 2727 1658 2754 v.
1680 2711 1778 2763 Jun,
1803 2711 1915 2753 Glois.
1940 2726 1976 2764 p.
2001 2724 2086 2761 352.
2115 2713 2151 2751 ὃ(
2177 2714 2326 2759 Wacht.
2352 2719 2393 2757 in

295 2773 514 2824 Prolegom.
541 2771 589 2812 ad
607 2769 720 2810 Gloss‘.
742 2766 793 2808 G.
820 2769 912 2808 Se&
930 2770 996 2808 ΙΙΙ.

240 2826 284 2877 π)
311 2827 348 2877 ].
369 2827 403 2864 8(
421 2827 474 2865 St.
493 2827 530 2864 in
546 2823 688 2877 baurgi,
718 2821 824 2874 quod
842 2822 1080 2862 damnatura
1096 2820 1362 2861 Grammaticis
1379 2833 1416 2861 v.
1432 2817 1573 2860 Matth.
1595 2826 1628 2868 8,
1652 2829 1712 2865 33.
1732 2818 1850 2858 Marc.
1871 2828 1905 2866 5,
1926 2829 1986 2866 14.
2009 2819 2101 2858 Luc.
2124 2831 2158 2867 2,
2177 2830 2217 2868 4.
2244 2821 2281 2860 ὅ(
2307 2834 2391 2875 quae

296 2878 347 2918 ibi
367 2878 414 2916 ad
428 2891 561 2918 vocem
579 2876 868 2917 observavimus.

245 2931 286 2981 ο)
312 2933 363 2972 St.
384 2931 461 2972 iure
480 2931 638 2983 quidem
656 2927 840 2973 aversatur
855 2928 1058 2970 lethonem
1084 2927 1308 2980 Junianam
1342 2928 1380 2967 in
1404 2925 1552 2979 haitly'os
1561 2940 1576 2975 ;
1619 2926 1699 2967 eius
1726 2936 1815 2966 vero
1833 2924 1875 2963 in
1903 2923 2035 2963 locum
2063 2925 2388 3018 genuinamBRev.

2295 2993 2389 3022 enze-
