2473 3380
347 104 593 171 PRAEFA
601 104 858 171 TIONES
892 115 1273 173 SPECJMINI
1307 114 1672 177 GLOSSARH
1705 113 2064 181 PRAEFIXAE.
2206 144 2300 197 305-

223 233 440 279 Praevideo
459 228 602 285 facile,
630 230 727 278 fore
744 232 862 279 haud
881 250 1060 294 paucos,
1089 235 1165 294 qui
1182 234 1273 281 haec
1289 236 1438 281 omnia
1458 235 1604 283 otiosis
1626 234 1842 297 figmentis
1866 242 2192 289 annumeratur-i
2212 241 2305 298 fint,

90 296 254 357 quique
273 296 397 345 facile
415 315 504 344 non
524 302 827 356 concoxerim,
859 302 1023 347 Graecis
1043 302 1339 360 Romanisque
1359 301 1581 349 vocabulis
1608 320 1688 364 per
1714 320 1784 350 me
1808 307 2019 366 indigenis
2039 307 2117 353 esse
2145 326 2232 355 non
2254 310 2305 356 li-

88 380 207 420 cere,
242 380 367 423 atque
387 364 498 410 adeo
517 363 700 411 insolens
720 366 880 420 videri,
916 369 978 412 rei
1000 367 1107 413 adeo
1129 370 1394 423 communis,
1417 385 1545 428 arque
1563 371 1676 430 ignis
1696 367 1766 426 est,
1798 388 1960 417 nomen
1980 389 2003 418 a
2023 374 2183 420 Gothis
2204 393 2302 436 mya-

84 444 213 475 tuum
232 428 495 476 sumendum
518 428 645 477 fuiss'e
664 433 837 491 utrique
856 432 1026 492 linguae,
1095 434 1179 479 Sed
1202 449 1352 494 repeto
1372 434 1440 490 id,
1474 437 1849 496 qt10d11filiquoties
1873 438 1982 495 dixi,
2016 454 2086 484 me
2107 457 2193 486 non
2215 458 2303 490 tam

84 496 130 540 id
160 512 303 555 agere,
340 512 388 542 ut
409 497 701 544 demonstrem
715 535 724 551 ,
761 500 919 558 linguae
940 499 1141 545 Gothicae
1161 515 1368 559 tanquam
1387 502 1627 561 antiqulori
1646 503 1688 548 ὃ(
1707 518 1947 550 ceterarum
1965 506 2095 552 matri
2124 505 2216 554 haec
2236 508 2305 555 de-

28 611 32 614 *
86 561 206 617 beri,
241 562 402 608 etiamsi
423 565 466 609 id
490 581 510 609 a
532 566 683 610 multis
711 565 825 610 haud
856 564 940 609 sine
969 567 1135 610 ratione
1160 581 1386 625 urgeatur,
1422 584 1555 625 quam
1585 572 1733 628 potius
1763 585 1809 615 ut
1830 568 2087 628 significem,
2123 574 2305 623 eveniffe

83 628 165 683 ita,
200 621 249 674 ut
269 646 365 688 quae
381 646 507 676 voces
527 631 691 676 Graecis
713 628 1258 689 Latinisqueobsolevere,
1293 632 1411 692 apud
1431 632 1629 691 Gothos,
1664 634 1943 682 constantiori
1963 638 2008 682 in
2031 635 2109 684 usu
2137 656 2308 689 reman-

83 692 226 743 serint.
298 694 401 741 Etsi
423 696 700 753 alterutrum,
732 696 796 742 vcl
819 711 1056 756 utrumque
1076 698 1332 756 cuiusquam
1353 699 1533 745 auribus
1554 703 1835 762 peregrinum
1856 704 2047 759 accedat,
2081 704 2167 751 alio
2189 723 2212 752 a
2232 725 2303 757 me

81 776 172 806 non
191 762 525 822 impugnabitur
543 778 826 825 argumento,
861 779 994 822 quam
1014 764 1134 822 quod
1163 763 1293 824 longe
1320 761 1460 821 leena,
1494 774 1543 811 ac
1571 765 1642 811 ille
1674 770 1783 824 iam,
1817 767 1894 815 suo
1927 786 2020 816 aevo
2049 771 2304 825 iudicaverit

80 827 237 884 Plato,
272 832 396 874 cuius
417 830 569 888 verba,
601 831 667 876 vel
691 830 813 887 ideo,
847 846 943 889 quae
967 829 1055 874 huc
1081 828 1335 885 afferantur,
1368 829 1578 892 aptissima
1607 834 1719 878 mibi
1748 835 1973 891 videntur,
2009 838 2131 897 quod
2156 840 2300 899 aliam,

78 891 152 940 sed
172 911 304 954 quam
325 896 376 941 de
397 897 603 942 industria
623 896 871 951 omifimus,
907 897 1020 957 ignis
1042 897 1383 957 appellationem
1405 896 1630 954 illustrent,
1651 899 1935 960 doceantque,
1954 910 2164 964 magnum
2185 907 2304 956 hune

56 961 226 1012 §virum
245 961 489 1019 credidiss'e,
525 964 783 1009 Graecorum
804 974 873 1024 ⁹ng
892 979 983 1007 non
1004 959 1086 1007 esse
1108 962 1401 1018 vernaculum,
1421 960 1493 1008 sed
1510 980 1532 1008 a
1555 964 1775 1019 Barbaris,
1810 966 1896 1013 hoc
1915 966 1974 1014 est
1991 970 2179 1032 Scythis,
2200 990 2304 1021 mu-

79 1042 271 1075 tuntum.
309 1030 409 1074 Nos
434 1031 542 1097 Fyr,
561 1030 714 1076 Germ.
734 1046 912 1089 quoque
934 1032 1031 1091 ΡΨ·
1049 1028 1090 1075 8(
1104 1031 1223 1077 Feur
1245 1028 1412 1077 dicunt.
1451 1028 1591 1076 Verba
1609 1034 1703 1077 eius
1721 1031 1810 1078 baec
1832 1030 1929 1079 sunt
1946 1034 1960 1079 i
1979 1036 2161 1100 Cratylo
2175 1055 2218 1100 p.
2241 1057 2302 1091 m„

79 1105 194 1148 281.
231 1094 453 1159 Scis,·qua
473 1098 646 1143 ratione
666 1098 786 1161 iguis
803 1107 870 1158 τες
890 1101 1183 1144 nominatur:
1218 1095 1333 1154 vide,
1360 1098 1474 1157 quid
1489 1095 1544 1143 de
1563 1092 1878 1162 hocsceljaicer.
1914 1101 2047 1159 Reor,
2066 1107 2212 1153 multa
2230 1124 2302 1158 no-

78 1164 204 1208 mina
226 1159 417 1210 Graecos
439 1178 469 1210 a
488 1163 531 1210 B
537 1162 735 1220 arbaris,
754 1179 827 1211 eos
839 1162 1117 1229 praefirtim,
1137 1165 1214 1228 qui
1215 1161 1307 1227 sub
1328 1161 1559 1210 Barbaria·
1583 1160 1702 1222 funt,
1721 1163 1940 1230 accepff’.
1977 1167 2122 1219 Vates
2140 1175 2301 1238 igitur,

75 1243 162 1292 quo
182 1224 260 1276 hoc
276 1243 429 1276 nomen
448 1240 515 1291 «ες
533 1227 920 1296 barbaricumstt:
953 1247 1085 1293 neque
1103 1247 1219 1279 emm
1240 1232 1308 1297 est,
1322 1229 1437 1297 ssud
1456 1228 1641 1279 Graecoe
1662 1234 1831 1297 lingua’
1850 1236 2192 1295 accommodare,
2205 1256 2298 1290 con-

66 1299 269 1359 statque,
306 1290 385 1343 hoc
409 1291 620 1363 Phryges
637 1302 896 1356 nominare,
924 1314 1095 1363 parum
1114 1299 1226 1363 quid
1250 1298 1546 1353 declinantes,
1580 1302 1630 1348 ut
1657 1302 1746 1361 ἴδας
1765 1295 1823 1347 89³
1839 1308 1961 1363 κόνις,
1993 1302 2173 1369 aliaque
2188 1324 2302 1372 per·

65 1364 238 1410 multa.
308 1359 562 1424 Discipulus
589 1364 728 1421 illius,
765 1366 1049 1430 Argstoteles,
1080 1367 1300 1426 integrum
1321 1364 1485 1412 librum
1508 1364 1757 1428 conscripfit
1783 1368 1835 1414 de
1865 1369 2120 1419 nominibus
2147 1374 2301 1423 Barba-

77 1431 206 1481 ricis,
239 1429 318 1488 qui
337 1426 365 1474 fi
385 1429 441 1475 ad
465 1428 630 1477 nostras
652 1431 909 1492 perveniffet
928 1449 1109 1488 manus,
1144 1432 1364 1494 locuplete
1387 1431 1662 1491 testimonio,
1697 1433 1743 1479 id
1769 1435 1891 1493 quod
1916 1435 2125 1495 dicimus,
2159 1436 2304 1491 fuiss'et

79 1493 436 1545 confirmaturus.
506 1493 642 1546 Conf.
667 1495 944 1549 Waclzterus
962 1500 1006 1545 in
1026 1516 1132 1546 voce
1152 1502 1288 1557 Feur,
1309 1498 1352 1546 ἃ
1374 1498 1618 1549 Radbeckii
1635 1499 1750 1550 Antl.
1770 1503 1908 1549 Tom.
1930 1504 1961 1553 Ι.
1985 1519 2037 1564 μ
2055 1513 2166 1564 8ος,

158 1582 160 1585 ·
215 1561 284 1609 Ut
303 1561 384 1608 hac
402 1561 624 1610 occafione
644 1565 817 1612 nullum
837 1563 1005 1613 secutus
1024 1565 1226 1613 ordinem
1242 1604 1253 1623 ,
1286 1565 1500 1628 quicquid
1521 1563 1569 1614 se
1591 1568 1793 1629 primum
1823 1565 2024 1622 scribenti
2046 1570 2202 1635 offert,
2237 1591 2300 1624 ar·

60 1629 220 1692 'ripio‚
254 1629 311 1674 ita
330 1631 588 1690 proximum
615 1631 729 1677 mihi
746 1634 835 1679 iam
855 1634 938 1680 crit
956 1632 1270 1694 Ulphilanum.
1874 1659 1877 1663 “

212 1696 356 1757 Μψι,
378 1713 467 1755 quo
488 1699 671 1743 nomine
682 1704 837 1762 primo
857 1697 1047 1745 mensam
1071 1700 1272 1756 reddunt,
1292 1711 1342 1746 ut
1359 1699 1516 1750 Marc.
1538 1700 1596 1758 II,
1621 1716 1639 1748 1
1656 1717 1698 1761 5.
1730 1699 1858 1765 Mestz
1873 1701 2093 1766 Skatjane
2113 1709 2300 1759 usvalti-

76 1761 151 1818 da,
173 1760 335 1809 mensas
353 1762 709 1810 numulariorum
729 1767 903 1821 evertit,
939 1766 1095 1810 deinde
1116 1767 1246 1812 etiam
1259 1764 1457 1829 stcundo
1489 1769 1702 1828 patinam.
1737 1770 1892 1819 Marc.
1920 1777 1964 1822 6,
1985 1784 2062 1832 25.
2095 1776 2236 1838 viljau
2260 1782 2304 1826 ei

73 1832 162 1877 mis
177 1828 329 1895 gibais
346 1844 435 1876 ana
453 1827 569 1890 mefiz
588 1827 778 1887 haubith
787 1830 1023 1897 Jobannis
1041 1830 1132 1880 tln‘s
1151 1832 1471 1898 daupjandins,
1485 1836 1509 1882 i.
1527 1851 1565 1883 e.
1578 1835 1698 1891 volo,
1712 1850 1760 1882 ut
1771 1836 1844 1882 des
1857 1837 1968 1885 mihi
1980 1839 2025 1883 in
2039 1838 2158 1888 disco
2170 1859 2303 1905 caput

70 1896 285 1960 Jobannis
305 1893 522 1957 Baptistae.
591 1900 844 1959 Utrumque
868 1899 980 1945 mibi
994 1901 1240 1945 Romanam
1261 1900 1546 1947 litteraturam
1567 1897 1808 1948 conferenti
1829 1918 1980 1950 notatu
2002 1905 2302 1966 digniffimum

72 1963 259 2014 videtur.
328 1965 480 2009 Primo
500 1964 616 2009 enim
636 1961 873 2022 succurrit,
910 1963 1128 2021 mensam,
1160 1967 1206 2011 in
1232 1968 1366 2011 veteri
1389 1966 1515 2023 latio,
1548 1965 1847 2014 testimonium
1872 1970 2205 2030 perhibentibus
2225 1993 2298 2023 an-

73 2031 209 2089 tiquis
228 2031 545 2089 grammaticis,
578 2047 667 2077 non
691 2031 881 2078 mensam
896 2070 907 2090 ,
941 2031 1013 2078 sed
1033 2030 1196 2094 mefizm
1217 2030 1377 2078 &Elam
1397 2030 1542 2090 fuiss'e,
1577 2034 1697 2092 quod
1720 2052 1881 2080 nomen
1901 2053 1923 2081 a
1944 2037 2110 2084 Graecis
2129 2041 2299 2101 proflu-

75 2095 199 2150 xime,
235 2113 323 2141 non
350 2093 494 2142 solum
517 2097 677 2147 Varro
700 2097 751 2143 de
772 2099 873 2160 ling.
899 2099 971 2148 lat.
991 2115 1041 2160 4,
1063 2115 1143 2158 25.
1178 2096 1251 2144 sed
1277 2100 1407 2144 etiam
1429 2097 1731 2156 Plutarchus,
1766 2103 1810 2147 in
1833 2100 1981 2163 probl.
2017 2110 2094 2165 63,
2124 2108 2298 2159 docent,

75 2170 223 2221 Mam,
260 2163 428 2222 inquit,
462 2169 538 2211 dm>
563 2172 624 2214 τῆς
649 2174 679 2209 ει
703 2178 800 2222 pec»
826 2177 975 2222 θέσεως,
1001 2165 1172 2228 menſsz,
1205 2167 1375 2225 inquit,
1402 2164 1519 2213 dic'la
1544 2169 1602 2231 est
1629 2184 1658 2215 a
1678 2168 1828 2234 posttu
1850 2172 1900 2216 in
1923 2167 2082 2219 medio.
2149 2177 2297 2223 Immo

74 2227 310 2296 Charssus
332 2227 552 2285 observat,
583 2226 657 2274 sua
673 2243 793 2274 aetate
814 2226 960 2285 fuisse,
994 2234 1071 2291 qui
1094 2232 1332 2282 Varronis
1350 2229 1652 2279 austoritatem
1673 2233 1830 2290 secuti,
1864 2252 1955 2282 non
1975 2235 2189 2298 mensam,
2223 2240 2299 2289 sed

46 2322 48 2324 v
74 2295 263 2361 mqfirm',
297 2298 495 2344 dixerint.
566 2298 764 2341 Praterea
782 2296 890 2342 alios
906 2301 1191 2356 recentiores,
1224 2300 1302 2359 qui
1322 2315 1409 2360 pro
1431 2300 1600 2359 origine
1617 2301 1839 2348 venditant
1856 2304 1923 2349 vel
1940 2301 2201 2369 demenstm1‚
2227 2309 2296 2356 vel

75 2364 261 2418 mando,
295 2364 363 2409 vel
385 2364 488 2423 qui,
525 2362 748 2427 [fidorum
772 2360 995 2410 austorem
1019 2363 1172 2423 secuti,
1205 2365 1259 2412 ab
1286 2365 1356 2429 ‘fil
1387 2366 1472 2413 hoc
1492 2366 1755 2413 vocabulum
1784 2368 1993 2417 derivant.
2062 2372 2182 2419 Mihi
2203 2377 2297 2438 qui·

69 2433 175 2479 ,dem
196 2428 389 2477 sufficere
408 2429 635 2491 potui‘ffet‚
669 2444 842 2484 notare,
876 2430 1213 2491 antiquissimam
1235 2435 1355 2479 vocis
1386 2429 1579 2479 formam
1601 2435 1840 2481 Gothicam
1869 2435 1972 2492 esse,
2006 2436 2048 2483 ἃ
2075 2441 2197 2500 apud
2216 2438 2297 2489 Ul·

72 2498 243 2561 philam
263 2496 438 2556 liquido
458 2513 709 2543 occurrere:
742 2494 811 2542 sed
834 2511 884 2542 ut
903 2512 1048 2544 tamen
1062 2537 1072 2556 ,
1106 2499 1215 2559 quid
1236 2499 1288 2545 de
1305 2501 1476 2560 origine
1493 2500 1586 2545 eius
1606 2499 1800 2558 sentiam,
1828 2505 1979 2563 paucis
1997 2506 2202 2565 aperiam,
2230 2506 2292 2555 in.

72 2566 194 2621 veni,
237 2562 356 2623 apud
384 2564 527 2623 Anglo
547 2566 735 2609 Saxonas
769 2561 960 2609 mensam
991 2564 1152 2612 diuam
1184 2563 1309 2612 fuiffe
1336 2563 1468 2632 mqfi’,
1505 2566 1646 2634 myfi’,
1688 2568 1965 2619 Alemannice
1993 2586 2145 2630 muas,
2180 2573 2222 2621 ὅ(
2248 2576 2296 2622 in

70 2647 256 2690 utraque
273 2629 421 2690 lingua
440 2630 531 2675 haec
549 2628 755 2675 vocabula
770 2665 780 2683 ,
811 2627 1043 2679 solenniori
1062 2630 1165 2690 usu,
1200 2649 1348 2679 notare
1370 2633 1533 2688 cibum,
1604 2635 1785 2681 Gemini
1804 2635 1937 2682 huius
1955 2635 2211 2698 fignificatus
2231 2642 2294 2688 in-

71 2713 138 2745 ter
156 2698 362 2758 plurima,
394 2711 490 2754 quae
509 2695 561 2741 ad
581 2712 737 2741 manus
758 2693 868 2749 sunt,
900 2699 1109 2745 nonnulla
1130 2699 1327 2765 exempla
1343 2697 1537 2752 afferam.
1610 2699 1834 2769 otfridus
1854 2704 1903 2750 L.
1924 2705 1998 2756 IV.
2017 2720 2056 2753 c.
2083 2719 2126 2756 2.
2144 2723 2186 2757 v.
2213 2721 2293 2773 14.

72 2764 126 2812 de
145 2762 366 2828 discipulis
385 2760 546 2810 Christi
566 2762 749 2808 ultiman
771 2775 935 2810 coenam
957 2765 1223 2827 parantibus,
1255 2763 1258 2765 ’

486 2824 582 2879 ΤΙιο
617 2826 659 2875 z’
694 2844 786 2876 emo
822 2829 993 2880 abunde
1011 2830 1106 2895 fiir

551 2895 779 2948 Garetum
795 2896 867 2964 ste
881 2898 959 2963 fin
989 2915 1122 2950 muas
1154 2896 1278 2950 thar.

1228 2972 1325 3033 (ζει
2139 2942 2143 2946 ”
2204 2978 2292 3029 Le·
2336 3002 2338 3007 v
