2473 3380
910 125 1532 201 PRAEFATIQ
2207 165 2299 201 m1

106 264 241 310 huius
266 262 457 309 materiei
478 259 779 309 discussionem
805 262 849 307 in
880 261 1121 324 peculiare,
1166 259 1237 310 sed
1265 261 1392 308 breve
1421 276 1590 317 tamen,
1626 257 1911 318 schediasma,
1960 261 2081 322 quod
2100 260 2306 309 mantiffae

109 331 206 376 loco
228 329 398 386 addidi,
433 347 515 375 una
534 346 634 375 cum
655 329 732 374 alia
755 327 1142 385 dissertatiuncula,
1176 346 1260 389 qua
1281 326 1446 375 ostendi
1478 326 1601 375 usum
1625 330 1677 375 L.
1699 329 1907 391 Scythicae
1932 330 1977 374 in
1997 329 2194 375 eruendis
2218 330 2306 375 ori·

109 395 283 456 ginibus
313 395 472 455 lingua,³
498 395 650 442 latialis
677 397 717 442 8<
743 397 872 442 etiam
893 412 1047 456 graecae,
1114 398 1169 441 Et
1187 394 1360 442 tandem
1391 395 1697 456 operam‘hanc
1716 393 1902 441 conclusi
1926 396 2071 456 indice*
2087 398 2303 452 omnium,

109 464 158 506 in
176 477 292 507 textu
320 461 563 525 Ulplzelano
583 465 903 509 occurrentium
923 477 1099 518 vocum,
1135 478 1241 520 quas
1260 461 1418 520 absque
1440 461 1636 509 ulteriori
1654 459 1811 523 exegesi
1834 458 1924 507 fere
1944 459 2146 516 recensui,
2166 479 2307 520 quum

108 528 221 574 mihi
246 526 492 589 persuasum
514 528 581 586 sit,
616 531 836 575 neminem
861 545 912 574 eo
937 526 1140 582 usurum,
1175 525 1251 572 nisi
1272 529 1349 586 qui
1368 525 1509 591 Junii
1539 528 1604 574 vel
1629 525 1957 576 Stze¹nlzielmii
1979 525 2192 574 Glossaria
2211 525 2308 587 pos-

108 593 260 650 fideat‚
299 595 376 640 ubi
396 611 590 642 accurate
610 597 814 658 explicata
834 593 996 655 lingula
1026 593 1163 639 videri
1182 591 1374 653 possunt·
1444 597 1560 656 Qae
1580 612 1682 640 vero
1711 595 1828 642 hisce
1848 592 2102 656 fragmentis
2124 595 2308 654 propria

106 657 229 718 sunt,
261 677 356 707 mea
379 662 665 723 qualicunque
694 679 829 723 opera
858 664 903 706 in
931 658 1031 721 ipsis
1059 658 1413 717 annotationibus
1442 659 1648 707 illustrata
1675 664 1963 722 reperientur.
2032 665 2087 708 Et
2106 662 2195 706 haec
2214 654 2306 706 fue-

105 744 176 784 re,
210 728 261 773 de
282 728 443 788 quibus
462 727 669 776 lestorem
701 745 851 774 meum
879 728 924 771 in
954 723 1210 771 antecessum
1239 725 1511 770 monendum
1545 727 1661 775 duxi.
1728 727 1982 788 Antequam
2011 744 2113 774 vero
2143 727 2196 774 ab
2218 726 2307 773 hac

106 793 254 840 tabula
281 812 459 841 manum
488 796 661 851 tollam,
696 795 832 840 tribus
855 791 997 838 verbis
1018 790 1300 837 indicandum
1321 793 1493 852 putavi,
1530 808 1598 838 me
1624 793 1991 850 animadvertisse,
2027 794 2306 840 eruditorum

106 861 341 907 nonnullos
355 898 366 918 ‚
401 862 442 907 ὅ(
463 864 507 907 in
529 878 683 908 eorum
704 875 890 906 numero
908 854 1158 910 Monachot
1177 857 1344 903 ordinis
1367 857 1640 905 Benedifflni
1668 861 1713 904 in
1732 860 1899 913 Gallia,
1935 860 1994 917 (v.
2016 857 2142 919 praef.
2162 860 2306 905 Tomi

107 929 249 986 quarti
269 927 369 973 libri
388 930 561 975 titulum
588 924 873 987 praeferentis:
906 926 1127 974 Nouveau
1155 924 1312 972 Traite
1329 925 1382 972 de
1403 924 1763 990 Diplomatique)
1785 926 1837 970 iis
1866 922 2127 971 subscribere
2145 927 2307 971 veritos

106 991 254 1046 fuisse,
290 1011 385 1053 quae
407 997 451 1039 in
471 991 746 1053 praefatione‚
793 990 1000 1054 Ulplziloe
1030 992 1253 1056 illustrato
1282 990 1522 1052 praemiss'a,
1557 989 1734 1037 disserui
1763 991 1816 1037 de
1845 991 2006 1047 modo,
2043 1007 2132 1051 quo
2161 989 2307 1051 piEius

106 1060 165 1106 est
183 1061 317 1106 codex
347 1059 486 1106 noster
511 1073 757 1120 argenteus,
793 1074 948 1119 utpote
974 1074 1106 1118 quem
1129 1074 1217 1104 non
1238 1058 1393 1104 calami
1415 1075 1524 1120 ope,
1562 1055 1633 1104 sed
1651 1060 1791 1121 typis,
1827 1055 1969 1104 nescio
1996 1056 2177 1117 quibus,
2215 1073 2306 1102 etta-

105 1142 247 1172 ratum
271 1127 373 1173 dixi.
442 1126 621 1172 Conieci
644 1126 686 1170 id
707 1141 862 1186 praeter
883 1125 987 1171 alias
1005 1126 1193 1170 rationes
1212 1141 1313 1171 cum
1332 1142 1381 1170 ex
1401 1123 1526 1170 sulcis
1545 1125 1792 1172 litterarum·
1808 1122 2159 1185 depreffioribus,
2187 1122 2228 1169 ὅ(
2250 1125 2306 1169 ita

104 1188 370 1247 manifestis,
403 1208 452 1238 ut
468 1228 478 1248 ,
515 1209 652 1252 quum
672 1193 817 1238 charta
834 1193 934 1237 alias
958 1191 1120 1250 ubique
1141 1191 1276 1237 nitida
1298 1190 1348 1237 fit
1366 1191 1407 1238 ἃ
1427 1190 1665 1248 laevissima,
1700 1191 1848 1253 digitis
1867 1189 2129 1237 sentiendam
2152 1188 2306 1236 scabri-

103 1260 207 1304 tiem
229 1255 461 1318 praeferant
481 1257 621 1304 versus
642 1257 744 1319 ἱρῆς
778 1274 871 1304 tum
892 1260 1019 1303 etiam
1051 1274 1099 1302 ex
1127 1254 1286 1304 formis
1312 1258 1553 1304 litterarum
1584 1275 1664 1318 per
1688 1255 1941 1304 universum
1972 1258 2168 1304 codicem
2196 1256 2304 1303 adeo

104 1324 339 1380 similibus5
371 1341 419 1371 ut
440 1342 491 1370 ne
510 1325 605 1371 hilo
625 1325 806 1385 quidem
823 1325 906 1370 alia
924 1321 977 1370 ab
998 1324 1079 1370 alia
1102 1324 1171 1369 vel
1192 1325 1490 1384 magnitudine
1517 1325 1582 1370 vel
1605 1322 1786 1385 pissurae
1807 1321 1955 1371 forma
1977 1322 2172 1373 differat:
2206 1339 2305 1382 vquae

105 1392 328 1451 diligentia
346 1388 501 1437 frustra
531 1392 700 1437 videtur
730 1389 1006 1451 exspeffianda
1036 1407 1058 1435 a
1088 1389 1307 1446 librario‚-
1330 1407 1462 1449 quem
1493 1387 1602 1450 saepe
1633 1391 1734 1436 alias
1763 1392 1930 1436 incuria
1960 1388 2131 1450 lapsum
2164 1387 2303 1446 fuiss'e,

103 1458 263 1504 litteras
284 1457 421 1503 modo
442 1458 685 1503 omittendo
708 1458 843 1503 modo
862 1455 1185 1516 transponendo
1206 1455 1248 1500 δε
1268 1453 1580 1502 confundendo
1594 1493 1605 1512 ,
1640 1453 1889 1502 observatur
1916 1458 1960 1501 in
1995 1455 2181 1521 Ulplzila
2201 1454 2306 1503 illu-

87 1523 255 1593 strato,
324 1524 456 1586 Qod
481 1540 608 1580 vero,
638 1521 757 1570 ferro
779 1520 984 1569 calefacio
1005 1522 1205 1569 librarius
1226 1520 1324 1568 usus
1350 1520 1502 1578 fuerit,
1537 1521 1786 1569 conieElura
1812 1521 1894 1579 est,
1928 1524 1999 1568 cui
2027 1523 2307 1584 pertinaciter

104 1608 192 1638 non
215 1589 460 1646 inhaerebo,
495 1590 524 1636 fi
545 1590 726 1636 meliora
745 1588 925 1637 edossus
946 1587 1086 1638 fuero.
1155 1591 1321 1635 Interea
1343 1605 1485 1636 tamen
1510 1589 1607 1635 inde
1635 1590 1747 1636 mihi
1777 1589 1932 1635 baetin
1960 1591 2173 1650 opinione
2200 1606 2305 1635 con·

103 1656 270 1705 firmari
291 1657 463 1714 videor,
499 1657 619 1717 quod
638 1658 739 1718 plus
769 1661 924 1703 centies
947 1657 1160 1713 cernitur,
1194 1655 1271 1702 ubi
1295 1657 1462 1716 reliqua
1483 1656 1626 1702 charta
1648 1658 1925 1716 integerrima
1949 1655 2028 1711 est,
2064 1657 2305 1701 litterarum

103 1721 303 1778 formast
327 1723 472 1783 quales
503 1726 548 1769 in
567 1724 716 1771 eodi’ee
745 1722 881 1783 piElas
907 1723 1128 1776 videmus,
1173 1724 1216 1767 in
1244 1724 1388 1769 charta
1417 1720 1609 1783 pertusas
1632 1724 1838 1783 reperiri,
1873 1720 1945 1768 sed
1978 1740 2044 1768 eas
2067 1719 2305 1778 laciniosam,

105 1791 249 1851 quales
273 1791 436 1835 nimius
459 1791 576 1837 calor
593 1789 772 1836 effecisse
792 1790 907 1836 credi
929 1788 1090 1850 potest,
1126 1806 1213 1835 non
1234 1790 1522 1837 incumbentis
1544 1789 1738 1850 pondere
1761 1804 1924 1849 ruptas,
1959 1789 2122 1834 nedum
2145 1788 2307 1845 colore,

105 1859 179 1917 qui
199 1856 360 1915 ubique
381 1857 554 1916 aequalis
571 1856 653 1913 est,
687 1872 814 1916 atque
842 1858 950 1903 adeo
980 1856 1188 1917 aequalem
1217 1873 1297 1917 per
1325 1872 1470 1903 totum
1496 1856 1692 1902 codicem
1719 1854 1920 1902 effeRum
1940 1856 2170 1903 habiturus
2194 1853 2306 1912 effer,

97 1921 256 1971 exesas.
327 1924 465 1984 Quod
486 1941 590 1970 vero
610 1924 841 1980 obiicitur,
876 1925 956 1969 hac
984 1924 1151 1969 ratione
1181 1919 1409 1980 futurum,
1441 1939 1490 1970 ut
1516 1922 1658 1969 calore
1689 1938 1994 1983 corrugaretur
2021 1922 2188 1977 charta,
2224 1920 2304 1967 tale

103 2008 192 2037 non
213 1987 294 2035 effe
315 1988 537 2040 existimo5
570 2006 620 2037 ut
638 2007 709 2037 me
727 2008 753 2036 a
781 2007 877 2037 mea
896 1987 1145 2036 coniefftura
1166 1989 1410 2051 ditnoveat3
1443 2008 1519 2037 nec
1548 1988 1776 2036 difficultas
1801 2004 1939 2047 tanta,
1975 2005 2023 2035 ut
2048 2004 2136 2034 arte
2166 1988 2307 2033 iuvari

105 2057 373 2116 nequiverit,
409 2074 506 2115 quae
526 2071 667 2103 tamen
688 2073 736 2103 ut
756 2056 910 2103 nostris
931 2056 1195 2117 ehartOpoeis
1216 2058 1435 2118 incognita
1453 2051 1527 2114 fit,
1563 2054 1702 2102 effecit
1721 2052 1959 2102 desuetudo
1973 2093 1984 2112 ‚
2017 2057 2062 2101 in
2083 2071 2215 2114 quam
2237 2070 2306 2100 ars

104 2124 243 2169 haecce
263 2123 407 2172 venin
462 2124 511 2168 Id
535 2125 692 2170 interea
712 2121 927 2169 affirmare
947 2121 1122 2183 possum
1137 2159 1147 2178 ,
1174 2125 1338 2169 nemini
1361 2141 1431 2170 me
1452 2124 1651 2171 codicem
1680 2120 1876 2169 nostrum
1897 2120 2159 2187 monstrasse,
2182 2137 2307 2167 mon-

106 2187 231 2234 stravi
250 2201 397 2232 autem
418 2188 625 2248 plurimis
643 2203 730 2234 tam
751 2190 965 2250 indigenis
986 2205 1119 2246 quam
1139 2200 1380 2235 exterarum
1399 2192 1628 2235 nationum
1649 2189 1852 2244 eruditis,
1892 2190 1968 2248 qui
1987 2206 2011 2234 a
2033 2206 2103 2233 me
2125 2185 2239 2233 ἁίἱὶα
2260 2188 2306 2232 in

105 2254 293 2300 dubium
329 2256 564 2311 vocaverit,
614 2255 809 2314 adeoque
838 2255 1085 2315 optandum
1115 2252 1219 2312 esse,
1257 2270 1305 2301 ut
1334 2257 1414 2316 qui
1444 2252 1620 2316 absunt,
1656 2256 1715 2301 ita
1734 2251 1817 2302 suae
1847 2255 1953 2301 aciei
1973 2251 2220 2317 confidant,
2255 2266 2304 2298 ut

104 2320 211 2369 alios
230 2321 404 2382 penitus
426 2323 645 2381 caecutire,
679 2338 731 2369 ne
758 2322 945 2374 credant.

1256 2992 1403 3063 (Na
1506 2948 1509 2949 ἢ
1998 3050 2007 3053 ,,
2145 2985 2296 3047 EPI-
