<?xml version="1.0" encoding="UTF-8"?>
<!DOCTYPE html PUBLIC "-//W3C//DTD XHTML 1.0 Transitional//EN"
    "http://www.w3.org/TR/xhtml1/DTD/xhtml1-transitional.dtd">
<html xmlns="http://www.w3.org/1999/xhtml" xml:lang="en" lang="en">
 <head>
  <title>
</title>
<meta http-equiv="Content-Type" content="text/html;charset=utf-8" />
  <meta name='ocr-system' content='tesseract 3.04.00' />
  <meta name='ocr-capabilities' content='ocr_page ocr_carea ocr_par ocr_line ocrx_word'/>
</head>
<body>
  <div class='ocr_page' id='page_1' title='image "./johannisabihresc00ihre_0317.png"; bbox 0 0 2473 3380; ppageno 0'>
   <div class='ocr_carea' id='block_1_1' title="bbox 332 131 2282 211">
    <p class='ocr_par' dir='ltr' id='par_1_1' title="bbox 332 131 2282 211">
     <span class='ocr_line' id='line_1_1' title="bbox 332 131 2282 211; baseline 0.004 -26"><span class='ocrx_word' id='word_1_1' title='bbox 332 131 840 211; x_wconf 83' lang='lat' dir='ltr'><em>PRAEFAT&#39;IONES</em></span> <span class='ocrx_word' id='word_1_2' title='bbox 877 134 1255 189; x_wconf 88' lang='lat' dir='ltr'><em>SPECIMINI</em></span> <span class='ocrx_word' id='word_1_3' title='bbox 1288 135 1666 188; x_wconf 79' lang='lat' dir='ltr'><em>GLOSSARII</em></span> <span class='ocrx_word' id='word_1_4' title='bbox 1692 137 2049 192; x_wconf 78' lang='lat' dir='ltr'><strong><em>PRAEFJXAE.</em></strong></span> <span class='ocrx_word' id='word_1_5' title='bbox 2183 157 2282 201; x_wconf 88' lang='lat'>299</span> 
     </span>
    </p>
   </div>
   <div class='ocr_carea' id='block_1_2' title="bbox 67 245 2299 2435">
    <p class='ocr_par' dir='ltr' id='par_1_2' title="bbox 67 245 2287 759">
     <span class='ocr_line' id='line_1_2' title="bbox 75 245 2282 310; baseline 0.004 -17"><span class='ocrx_word' id='word_1_6' title='bbox 75 260 186 306; x_wconf 85' lang='lat' dir='ltr'>quot</span> <span class='ocrx_word' id='word_1_7' title='bbox 204 247 249 292; x_wconf 87' lang='lat' dir='ltr'>in</span> <span class='ocrx_word' id='word_1_8' title='bbox 267 247 374 294; x_wconf 90' lang='lat' dir='ltr'>orbe</span> <span class='ocrx_word' id='word_1_9' title='bbox 395 245 497 306; x_wconf 82' lang='lat' dir='ltr'>sint,</span> <span class='ocrx_word' id='word_1_10' title='bbox 531 247 720 308; x_wconf 78' lang='lat' dir='ltr'>linguas,</span> <span class='ocrx_word' id='word_1_11' title='bbox 755 264 833 293; x_wconf 89' lang='lat' dir='ltr'>nec</span> <span class='ocrx_word' id='word_1_12' title='bbox 851 250 989 309; x_wconf 88' lang='lat' dir='ltr'>magis</span> <span class='ocrx_word' id='word_1_13' title='bbox 1010 250 1178 296; x_wconf 89' lang='lat' dir='ltr'>veritati</span> <span class='ocrx_word' id='word_1_14' title='bbox 1196 248 1300 296; x_wconf 88' lang='lat' dir='ltr'>huic</span> <span class='ocrx_word' id='word_1_15' title='bbox 1320 247 1510 306; x_wconf 87' lang='lat' dir='ltr'>obstare,</span> <span class='ocrx_word' id='word_1_16' title='bbox 1541 249 1618 309; x_wconf 92' lang='lat' dir='ltr'>qui</span> <span class='ocrx_word' id='word_1_17' title='bbox 1639 248 1816 295; x_wconf 86' lang='lat' dir='ltr'>auribus</span> <span class='ocrx_word' id='word_1_18' title='bbox 1836 251 2053 310; x_wconf 84' lang='lat' dir='ltr'>accidunt,</span> <span class='ocrx_word' id='word_1_19' title='bbox 2088 253 2282 301; x_wconf 83' lang='lat' dir='ltr'>alieniffi·</span> 
     </span>
     <span class='ocr_line' id='line_1_3' title="bbox 75 311 2282 382; baseline 0.004 -22"><span class='ocrx_word' id='word_1_20' title='bbox 75 330 172 360; x_wconf 74' lang='lat' dir='ltr'>mos</span> <span class='ocrx_word' id='word_1_21' title='bbox 202 314 354 365; x_wconf 69' lang='lat' dir='ltr'>sonos,</span> <span class='ocrx_word' id='word_1_22' title='bbox 391 330 523 373; x_wconf 85' lang='lat' dir='ltr'>quam</span> <span class='ocrx_word' id='word_1_23' title='bbox 553 331 602 359; x_wconf 87' lang='lat' dir='ltr'>ex</span> <span class='ocrx_word' id='word_1_24' title='bbox 630 311 839 360; x_wconf 81' lang='lat' dir='ltr'>facierum</span> <span class='ocrx_word' id='word_1_25' title='bbox 870 313 1041 361; x_wconf 82' lang='lat' dir='ltr'>diverso</span> <span class='ocrx_word' id='word_1_26' title='bbox 1069 315 1240 371; x_wconf 89' lang='lat' dir='ltr'>colore,</span> <span class='ocrx_word' id='word_1_27' title='bbox 1276 315 1548 375; x_wconf 87' lang='lat' dir='ltr'>mirificeque</span> <span class='ocrx_word' id='word_1_28' title='bbox 1575 316 1761 361; x_wconf 81' lang='lat' dir='ltr'>variante</span> <span class='ocrx_word' id='word_1_29' title='bbox 1786 315 2024 372; x_wconf 70' lang='lat' dir='ltr'>struElura‚</span> <span class='ocrx_word' id='word_1_30' title='bbox 2061 322 2282 382; x_wconf 85' lang='lat' dir='ltr'>quispiam</span> 
     </span>
     <span class='ocr_line' id='line_1_4' title="bbox 73 378 2282 444; baseline 0.004 -18"><span class='ocrx_word' id='word_1_31' title='bbox 73 381 330 426; x_wconf 71' lang='lat' dir='ltr'>concludere</span> <span class='ocrx_word' id='word_1_32' title='bbox 357 378 484 437; x_wconf 84' lang='lat' dir='ltr'>ausit,</span> <span class='ocrx_word' id='word_1_33' title='bbox 519 397 567 425; x_wconf 84' lang='lat' dir='ltr'>ex</span> <span class='ocrx_word' id='word_1_34' title='bbox 594 380 750 427; x_wconf 91' lang='lat' dir='ltr'>eodem</span> <span class='ocrx_word' id='word_1_35' title='bbox 770 398 861 427; x_wconf 91' lang='lat' dir='ltr'>uno</span> <span class='ocrx_word' id='word_1_36' title='bbox 881 379 1024 441; x_wconf 90' lang='lat' dir='ltr'>stipite</span> <span class='ocrx_word' id='word_1_37' title='bbox 1052 398 1203 428; x_wconf 86' lang='lat' dir='ltr'>omnes</span> <span class='ocrx_word' id='word_1_38' title='bbox 1231 400 1320 428; x_wconf 90' lang='lat' dir='ltr'>non</span> <span class='ocrx_word' id='word_1_39' title='bbox 1348 380 1608 430; x_wconf 72' lang='lat' dir='ltr'>succrevisse.</span> <span class='ocrx_word' id='word_1_40' title='bbox 1679 381 1817 444; x_wconf 69' lang='lat' dir='ltr'>Qiod</span> <span class='ocrx_word' id='word_1_41' title='bbox 1844 382 1897 427; x_wconf 90' lang='lat' dir='ltr'>ad</span> <span class='ocrx_word' id='word_1_42' title='bbox 1926 383 2034 430; x_wconf 88' lang='lat' dir='ltr'>hanc</span> <span class='ocrx_word' id='word_1_43' title='bbox 2058 389 2282 436; x_wconf 77' lang='lat' dir='ltr'>veritatem</span> 
     </span>
     <span class='ocr_line' id='line_1_5' title="bbox 71 446 2284 510; baseline 0.005 -21"><span class='ocrx_word' id='word_1_44' title='bbox 71 448 273 505; x_wconf 75' lang='lat' dir='ltr'>proxime</span> <span class='ocrx_word' id='word_1_45' title='bbox 291 448 474 499; x_wconf 83' lang='lat' dir='ltr'>accedit,</span> <span class='ocrx_word' id='word_1_46' title='bbox 510 446 551 493; x_wconf 84' lang='lat'>&amp;</span> <span class='ocrx_word' id='word_1_47' title='bbox 574 464 621 492; x_wconf 90' lang='lat' dir='ltr'>ex</span> <span class='ocrx_word' id='word_1_48' title='bbox 639 448 791 492; x_wconf 89' lang='lat' dir='ltr'>eadem</span> <span class='ocrx_word' id='word_1_49' title='bbox 813 447 934 502; x_wconf 82' lang='lat' dir='ltr'>fluit,</span> <span class='ocrx_word' id='word_1_50' title='bbox 971 448 1014 493; x_wconf 92' lang='lat' dir='ltr'>id</span> <span class='ocrx_word' id='word_1_51' title='bbox 1038 447 1118 503; x_wconf 87' lang='lat' dir='ltr'>est,</span> <span class='ocrx_word' id='word_1_52' title='bbox 1150 450 1195 493; x_wconf 90' lang='lat' dir='ltr'>in</span> <span class='ocrx_word' id='word_1_53' title='bbox 1218 446 1434 509; x_wconf 73' lang='lat' dir='ltr'>praeterita</span> <span class='ocrx_word' id='word_1_54' title='bbox 1452 446 1591 493; x_wconf 75' lang='lat' dir='ltr'>(ecula</span> <span class='ocrx_word' id='word_1_55' title='bbox 1619 465 1711 506; x_wconf 90' lang='lat' dir='ltr'>quo</span> <span class='ocrx_word' id='word_1_56' title='bbox 1733 448 1906 510; x_wconf 85' lang='lat' dir='ltr'>longius</span> <span class='ocrx_word' id='word_1_57' title='bbox 1930 450 2195 509; x_wconf 78' lang='lat' dir='ltr'>recedimuS,</span> <span class='ocrx_word' id='word_1_58' title='bbox 2230 471 2284 501; x_wconf 89' lang='lat' dir='ltr'>eo</span> 
     </span>
     <span class='ocr_line' id='line_1_6' title="bbox 67 509 2287 574; baseline 0.005 -19"><span class='ocrx_word' id='word_1_59' title='bbox 67 513 213 557; x_wconf 82' lang='lat' dir='ltr'>minus</span> <span class='ocrx_word' id='word_1_60' title='bbox 234 509 373 558; x_wconf 90' lang='lat' dir='ltr'>visum</span> <span class='ocrx_word' id='word_1_61' title='bbox 397 514 451 558; x_wconf 90' lang='lat' dir='ltr'>iri</span> <span class='ocrx_word' id='word_1_62' title='bbox 470 513 515 559; x_wconf 91' lang='lat' dir='ltr'>id</span> <span class='ocrx_word' id='word_1_63' title='bbox 536 512 785 570; x_wconf 84' lang='lat' dir='ltr'>discrimen,</span> <span class='ocrx_word' id='word_1_64' title='bbox 822 513 940 571; x_wconf 91' lang='lat' dir='ltr'>quod</span> <span class='ocrx_word' id='word_1_65' title='bbox 961 514 1131 573; x_wconf 84' lang='lat' dir='ltr'>linguas</span> <span class='ocrx_word' id='word_1_66' title='bbox 1152 515 1239 559; x_wconf 87' lang='lat' dir='ltr'>iam</span> <span class='ocrx_word' id='word_1_67' title='bbox 1260 512 1445 574; x_wconf 87' lang='lat' dir='ltr'>separat,</span> <span class='ocrx_word' id='word_1_68' title='bbox 1474 529 1603 572; x_wconf 88' lang='lat' dir='ltr'>atque</span> <span class='ocrx_word' id='word_1_69' title='bbox 1620 513 1728 559; x_wconf 87' lang='lat' dir='ltr'>adeo</span> <span class='ocrx_word' id='word_1_70' title='bbox 1746 529 1842 561; x_wconf 90' lang='lat' dir='ltr'>ante</span> <span class='ocrx_word' id='word_1_71' title='bbox 1864 515 1982 561; x_wconf 88' lang='lat' dir='ltr'>mille</span> <span class='ocrx_word' id='word_1_72' title='bbox 2002 532 2137 564; x_wconf 88' lang='lat' dir='ltr'>annos</span> <span class='ocrx_word' id='word_1_73' title='bbox 2156 520 2287 567; x_wconf 85' lang='lat' dir='ltr'>unius</span> 
     </span>
     <span class='ocr_line' id='line_1_7' title="bbox 69 576 2284 643; baseline 0.005 -21"><span class='ocrx_word' id='word_1_74' title='bbox 69 578 352 637; x_wconf 82' lang='lat' dir='ltr'>eiusdemque</span> <span class='ocrx_word' id='word_1_75' title='bbox 373 580 530 639; x_wconf 83' lang='lat' dir='ltr'>linguae</span> <span class='ocrx_word' id='word_1_76' title='bbox 549 577 752 625; x_wconf 57' lang='lat' dir='ltr'>dialefibs</span> <span class='ocrx_word' id='word_1_77' title='bbox 769 576 919 634; x_wconf 82' lang='lat' dir='ltr'>fuiss&#39;e,</span> <span class='ocrx_word' id='word_1_78' title='bbox 954 596 1050 638; x_wconf 82' lang='lat' dir='ltr'>quae</span> <span class='ocrx_word' id='word_1_79' title='bbox 1068 581 1156 624; x_wconf 87' lang='lat' dir='ltr'>iam</span> <span class='ocrx_word' id='word_1_80' title='bbox 1175 576 1364 625; x_wconf 82' lang='lat' dir='ltr'>discretae</span> <span class='ocrx_word' id='word_1_81' title='bbox 1382 577 1478 625; x_wconf 88' lang='lat' dir='ltr'>sunt</span> <span class='ocrx_word' id='word_1_82' title='bbox 1496 579 1674 640; x_wconf 84' lang='lat' dir='ltr'>linguae‚</span> <span class='ocrx_word' id='word_1_83' title='bbox 1708 578 1776 626; x_wconf 83' lang='lat' dir='ltr'>sed</span> <span class='ocrx_word' id='word_1_84' title='bbox 1797 596 2008 643; x_wconf 84' lang='lat' dir='ltr'>cognatae‚</span> <span class='ocrx_word' id='word_1_85' title='bbox 2042 583 2084 643; x_wconf 73' lang='grc' dir='ltr'>δι</span> <span class='ocrx_word' id='word_1_86' title='bbox 2103 582 2134 630; x_wconf 84' lang='lat' dir='ltr'><strong>fi</strong></span> <span class='ocrx_word' id='word_1_87' title='bbox 2150 584 2284 634; x_wconf 85' lang='lat' dir='ltr'>altero</span> 
     </span>
     <span class='ocr_line' id='line_1_8' title="bbox 71 642 2287 707; baseline 0.005 -20"><span class='ocrx_word' id='word_1_88' title='bbox 71 642 318 689; x_wconf 70' lang='lat' dir='ltr'>millenario</span> <span class='ocrx_word' id='word_1_89' title='bbox 338 647 461 692; x_wconf 82' lang='lat' dir='ltr'>altius</span> <span class='ocrx_word' id='word_1_90' title='bbox 482 643 808 703; x_wconf 84' lang='lat' dir='ltr'>adscendamus,</span> <span class='ocrx_word' id='word_1_91' title='bbox 842 642 1013 691; x_wconf 86' lang='lat' dir='ltr'>sorores</span> <span class='ocrx_word' id='word_1_92' title='bbox 1036 643 1359 707; x_wconf 85' lang='lat' dir='ltr'>deprehensum</span> <span class='ocrx_word' id='word_1_93' title='bbox 1382 647 1438 691; x_wconf 88' lang='lat' dir='ltr'>iri</span> <span class='ocrx_word' id='word_1_94' title='bbox 1467 646 1562 691; x_wconf 91' lang='lat' dir='ltr'>illas</span> <span class='ocrx_word' id='word_1_95' title='bbox 1589 645 1782 707; x_wconf 82' lang='lat' dir='ltr'>linguas,</span> <span class='ocrx_word' id='word_1_96' title='bbox 1818 664 1913 707; x_wconf 86' lang='lat' dir='ltr'>quae</span> <span class='ocrx_word' id='word_1_97' title='bbox 1938 649 2028 696; x_wconf 91' lang='lat' dir='ltr'>iam</span> <span class='ocrx_word' id='word_1_98' title='bbox 2055 660 2151 698; x_wconf 81' lang='lat' dir='ltr'>toto</span> <span class='ocrx_word' id='word_1_99' title='bbox 2172 652 2287 700; x_wconf 83' lang='lat' dir='ltr'>coelo</span> 
     </span>
     <span class='ocr_line' id='line_1_9' title="bbox 70 707 661 759; baseline 0.005 -3"><span class='ocrx_word' id='word_1_100' title='bbox 70 707 222 756; x_wconf 79' lang='lat' dir='ltr'>distare</span> <span class='ocrx_word' id='word_1_101' title='bbox 240 712 661 759; x_wconf 82' lang='lat' dir='ltr'>ammadvertuntur.</span> 
     </span>
    </p>

    <p class='ocr_par' dir='ltr' id='par_1_3' title="bbox 73 775 2299 1035">
     <span class='ocr_line' id='line_1_10' title="bbox 150 775 2286 846; baseline 0.005 -24"><span class='ocrx_word' id='word_1_102' title='bbox 150 793 152 803; x_wconf 67' lang='grc'>’</span> <span class='ocrx_word' id='word_1_103' title='bbox 207 779 273 822; x_wconf 83' lang='lat' dir='ltr'>Eo</span> <span class='ocrx_word' id='word_1_104' title='bbox 293 778 379 823; x_wconf 92' lang='lat' dir='ltr'>hoc</span> <span class='ocrx_word' id='word_1_105' title='bbox 399 779 630 824; x_wconf 82' lang='lat' dir='ltr'>ratiocinio</span> <span class='ocrx_word' id='word_1_106' title='bbox 650 781 735 823; x_wconf 86' lang='lat' dir='ltr'>iam</span> <span class='ocrx_word' id='word_1_107' title='bbox 758 775 1038 834; x_wconf 86' lang='lat' dir='ltr'>deducimur,</span> <span class='ocrx_word' id='word_1_108' title='bbox 1073 793 1122 824; x_wconf 92' lang='lat' dir='ltr'>ut</span> <span class='ocrx_word' id='word_1_109' title='bbox 1141 777 1440 833; x_wconf 86' lang='lat' dir='ltr'>inveniamus,</span> <span class='ocrx_word' id='word_1_110' title='bbox 1474 777 1644 839; x_wconf 80' lang='lat' dir='ltr'>linguas</span> <span class='ocrx_word' id='word_1_111' title='bbox 1673 795 1763 838; x_wconf 89' lang='lat' dir='ltr'>quo</span> <span class='ocrx_word' id='word_1_112' title='bbox 1790 781 2080 841; x_wconf 87' lang='lat' dir='ltr'>antiquiores,</span> <span class='ocrx_word' id='word_1_113' title='bbox 2112 800 2166 831; x_wconf 88' lang='lat' dir='ltr'>eo</span> <span class='ocrx_word' id='word_1_114' title='bbox 2185 784 2286 846; x_wconf 76' lang='lat' dir='ltr'>plus</span> 
     </span>
     <span class='ocr_line' id='line_1_11' title="bbox 73 841 2286 911; baseline 0.005 -24"><span class='ocrx_word' id='word_1_115' title='bbox 73 844 273 903; x_wconf 85' lang='lat' dir='ltr'>primaevi</span> <span class='ocrx_word' id='word_1_116' title='bbox 298 841 391 888; x_wconf 87' lang='lat' dir='ltr'>soni</span> <span class='ocrx_word' id='word_1_117' title='bbox 412 843 529 890; x_wconf 79' lang='lat' dir='ltr'>haud</span> <span class='ocrx_word' id='word_1_118' title='bbox 550 844 680 890; x_wconf 89' lang='lat' dir='ltr'>dubie</span> <span class='ocrx_word' id='word_1_119' title='bbox 701 841 863 889; x_wconf 88' lang='lat' dir='ltr'>servare</span> <span class='ocrx_word' id='word_1_120' title='bbox 877 880 887 899; x_wconf 84' lang='grc'>,</span> <span class='ocrx_word' id='word_1_121' title='bbox 922 860 1062 902; x_wconf 91' lang='lat' dir='ltr'>eoque</span> <span class='ocrx_word' id='word_1_122' title='bbox 1084 846 1221 904; x_wconf 74' lang='lat' dir='ltr'>magis</span> <span class='ocrx_word' id='word_1_123' title='bbox 1243 860 1344 889; x_wconf 90' lang='lat' dir='ltr'>cum</span> <span class='ocrx_word' id='word_1_124' title='bbox 1371 844 1610 903; x_wconf 86' lang='lat' dir='ltr'>aequalibus</span> <span class='ocrx_word' id='word_1_125' title='bbox 1630 847 1805 903; x_wconf 66' lang='lat' dir='ltr'>Vicinis,</span> <span class='ocrx_word' id='word_1_126' title='bbox 1838 847 1881 893; x_wconf 69' lang='grc' dir='ltr'>ὅ(</span> <span class='ocrx_word' id='word_1_127' title='bbox 1909 847 2064 894; x_wconf 88' lang='lat' dir='ltr'>eodem</span> <span class='ocrx_word' id='word_1_128' title='bbox 2084 865 2286 911; x_wconf 88' lang='lat' dir='ltr'>tempore</span> 
     </span>
     <span class='ocr_line' id='line_1_12' title="bbox 73 905 2290 973; baseline 0.006 -21"><span class='ocrx_word' id='word_1_129' title='bbox 73 905 294 968; x_wconf 86' lang='lat' dir='ltr'>usurpatis</span> <span class='ocrx_word' id='word_1_130' title='bbox 317 907 588 970; x_wconf 80' lang='lat' dir='ltr'>conspirare:</span> <span class='ocrx_word' id='word_1_131' title='bbox 623 926 704 970; x_wconf 91' lang='lat' dir='ltr'>per</span> <span class='ocrx_word' id='word_1_132' title='bbox 723 906 876 955; x_wconf 88' lang='lat' dir='ltr'>saltum</span> <span class='ocrx_word' id='word_1_133' title='bbox 898 910 1015 955; x_wconf 92' lang='lat' dir='ltr'>enim</span> <span class='ocrx_word' id='word_1_134' title='bbox 1038 909 1149 954; x_wconf 85' lang='lat' dir='ltr'>nihil</span> <span class='ocrx_word' id='word_1_135' title='bbox 1178 910 1274 955; x_wconf 89' lang='lat' dir='ltr'>heic</span> <span class='ocrx_word' id='word_1_136' title='bbox 1302 908 1396 955; x_wconf 82' lang='lat' dir='ltr'>fieri</span> <span class='ocrx_word' id='word_1_137' title='bbox 1425 911 1691 956; x_wconf 87' lang='lat' dir='ltr'>credendum</span> <span class='ocrx_word' id='word_1_138' title='bbox 1718 909 1802 967; x_wconf 90' lang='lat' dir='ltr'>est,</span> <span class='ocrx_word' id='word_1_139' title='bbox 1837 929 1915 959; x_wconf 90' lang='lat' dir='ltr'>nec</span> <span class='ocrx_word' id='word_1_140' title='bbox 1942 913 2136 973; x_wconf 86' lang='lat' dir='ltr'>aliquam</span> <span class='ocrx_word' id='word_1_141' title='bbox 2160 914 2290 966; x_wconf 80' lang='lat' dir='ltr'>fuiss&#39;e</span> 
     </span>
     <span class='ocr_line' id='line_1_13' title="bbox 73 973 2299 1035; baseline 0.002 -16"><span class='ocrx_word' id='word_1_142' title='bbox 73 989 238 1020; x_wconf 85' lang='lat' dir='ltr'>aetatem</span> <span class='ocrx_word' id='word_1_143' title='bbox 254 1011 263 1029; x_wconf 89' lang='lat'>,</span> <span class='ocrx_word' id='word_1_144' title='bbox 301 993 396 1035; x_wconf 83' lang='lat' dir='ltr'>quae</span> <span class='ocrx_word' id='word_1_145' title='bbox 415 976 577 1034; x_wconf 90' lang='lat' dir='ltr'>aliquid</span> <span class='ocrx_word' id='word_1_146' title='bbox 597 973 745 1035; x_wconf 79' lang='lat' dir='ltr'>priscae</span> <span class='ocrx_word' id='word_1_147' title='bbox 764 975 946 1033; x_wconf 83' lang='lat' dir='ltr'>loquelae</span> <span class='ocrx_word' id='word_1_148' title='bbox 963 991 1051 1021; x_wconf 90' lang='lat' dir='ltr'>non</span> <span class='ocrx_word' id='word_1_149' title='bbox 1077 977 1387 1023; x_wconf 88' lang='lat' dir='ltr'>immutaverit.</span> <span class='ocrx_word' id='word_1_150' title='bbox 2296 1016 2299 1019; x_wconf 18' lang='grc' dir='ltr'><strong>Α</strong></span> 
     </span>
    </p>

    <p class='ocr_par' dir='ltr' id='par_1_4' title="bbox 69 1038 2291 1359">
     <span class='ocr_line' id='line_1_14' title="bbox 202 1038 2289 1104; baseline 0.005 -19"><span class='ocrx_word' id='word_1_151' title='bbox 202 1044 302 1104; x_wconf 91' lang='lat' dir='ltr'>Jam</span> <span class='ocrx_word' id='word_1_152' title='bbox 319 1058 423 1087; x_wconf 89' lang='lat' dir='ltr'>vero</span> <span class='ocrx_word' id='word_1_153' title='bbox 445 1043 487 1085; x_wconf 88' lang='lat' dir='ltr'>in</span> <span class='ocrx_word' id='word_1_154' title='bbox 508 1038 702 1087; x_wconf 74' lang='lat' dir='ltr'>conf-effe</span> <span class='ocrx_word' id='word_1_155' title='bbox 722 1041 980 1087; x_wconf 84' lang='lat' dir='ltr'>crediderim</span> <span class='ocrx_word' id='word_1_156' title='bbox 1001 1040 1103 1098; x_wconf 86' lang='lat' dir='ltr'>esse,</span> <span class='ocrx_word' id='word_1_157' title='bbox 1137 1042 1209 1087; x_wconf 86' lang='lat' dir='ltr'>illa</span> <span class='ocrx_word' id='word_1_158' title='bbox 1239 1042 1387 1102; x_wconf 81' lang='lat' dir='ltr'>lingua</span> <span class='ocrx_word' id='word_1_159' title='bbox 1408 1039 1731 1102; x_wconf 84' lang='lat' dir='ltr'>Moesogothica</span> <span class='ocrx_word' id='word_1_160' title='bbox 1750 1049 1930 1103; x_wconf 60' lang='grc' dir='ltr'>λείψανα,</span> <span class='ocrx_word' id='word_1_161' title='bbox 1958 1060 2055 1104; x_wconf 85' lang='lat' dir='ltr'>quae</span> <span class='ocrx_word' id='word_1_162' title='bbox 2075 1046 2121 1091; x_wconf 90' lang='lat' dir='ltr'>in</span> <span class='ocrx_word' id='word_1_163' title='bbox 2139 1046 2289 1096; x_wconf 86' lang='lat' dir='ltr'>codice</span> 
     </span>
     <span class='ocr_line' id='line_1_15' title="bbox 72 1103 2291 1167; baseline 0.002 -11"><span class='ocrx_word' id='word_1_164' title='bbox 72 1103 276 1167; x_wconf 76' lang='lat' dir='ltr'>argenteo</span> <span class='ocrx_word' id='word_1_165' title='bbox 301 1105 547 1153; x_wconf 82' lang='lat' dir='ltr'>conservata</span> <span class='ocrx_word' id='word_1_166' title='bbox 578 1108 814 1166; x_wconf 83' lang='lat' dir='ltr'>habemuS‚</span> <span class='ocrx_word' id='word_1_167' title='bbox 850 1109 1076 1164; x_wconf 82' lang='lat' dir='ltr'>omnium,</span> <span class='ocrx_word' id='word_1_168' title='bbox 1113 1125 1210 1167; x_wconf 88' lang='lat' dir='ltr'>quae</span> <span class='ocrx_word' id='word_1_169' title='bbox 1238 1110 1349 1154; x_wconf 89' lang='lat' dir='ltr'>vidit</span> <span class='ocrx_word' id='word_1_170' title='bbox 1379 1109 1574 1154; x_wconf 88' lang='lat' dir='ltr'>eruditus</span> <span class='ocrx_word' id='word_1_171' title='bbox 1605 1108 1748 1165; x_wconf 86' lang='lat' dir='ltr'>orbis,</span> <span class='ocrx_word' id='word_1_172' title='bbox 1784 1126 2174 1158; x_wconf 83' lang='lat' dir='ltr'>monumentorum</span> <span class='ocrx_word' id='word_1_173' title='bbox 2207 1114 2291 1160; x_wconf 85' lang='lat' dir='ltr'>lin-</span> 
     </span>
     <span class='ocr_line' id='line_1_16' title="bbox 71 1171 2290 1240; baseline 0.003 -19"><span class='ocrx_word' id='word_1_174' title='bbox 71 1190 259 1238; x_wconf 85' lang='lat' dir='ltr'>guarum</span> <span class='ocrx_word' id='word_1_175' title='bbox 280 1175 520 1219; x_wconf 87' lang='lat' dir='ltr'>viventium</span> <span class='ocrx_word' id='word_1_176' title='bbox 543 1171 836 1234; x_wconf 79' lang='lat' dir='ltr'>antiquiffima</span> <span class='ocrx_word' id='word_1_177' title='bbox 855 1172 959 1231; x_wconf 78' lang='lat' dir='ltr'>effe,</span> <span class='ocrx_word' id='word_1_178' title='bbox 995 1174 1182 1233; x_wconf 89' lang='lat' dir='ltr'>ideoque</span> <span class='ocrx_word' id='word_1_179' title='bbox 1208 1174 1318 1220; x_wconf 80' lang='lat' dir='ltr'>hanc</span> <span class='ocrx_word' id='word_1_180' title='bbox 1343 1174 1540 1236; x_wconf 83' lang='lat' dir='ltr'>linguam</span> <span class='ocrx_word' id='word_1_181' title='bbox 1567 1175 1686 1221; x_wconf 86' lang='lat' dir='ltr'>haud</span> <span class='ocrx_word' id='word_1_182' title='bbox 1715 1174 1846 1221; x_wconf 92' lang='lat' dir='ltr'>dubie</span> <span class='ocrx_word' id='word_1_183' title='bbox 1874 1176 2120 1235; x_wconf 88' lang='lat' dir='ltr'>plurimum</span> <span class='ocrx_word' id='word_1_184' title='bbox 2139 1177 2290 1240; x_wconf 82' lang='lat' dir='ltr'>priscae</span> 
     </span>
     <span class='ocr_line' id='line_1_17' title="bbox 72 1238 2289 1306; baseline 0.003 -17"><span class='ocrx_word' id='word_1_185' title='bbox 72 1241 157 1289; x_wconf 86' lang='lat' dir='ltr'>suae</span> <span class='ocrx_word' id='word_1_186' title='bbox 178 1241 380 1301; x_wconf 88' lang='lat' dir='ltr'>puritatis</span> <span class='ocrx_word' id='word_1_187' title='bbox 398 1238 615 1286; x_wconf 85' lang='lat' dir='ltr'>retinuisse</span> <span class='ocrx_word' id='word_1_188' title='bbox 629 1272 642 1296; x_wconf 89' lang='lat'>‚</span> <span class='ocrx_word' id='word_1_189' title='bbox 674 1255 804 1300; x_wconf 89' lang='lat' dir='ltr'>atque</span> <span class='ocrx_word' id='word_1_190' title='bbox 824 1241 933 1287; x_wconf 90' lang='lat' dir='ltr'>adeo</span> <span class='ocrx_word' id='word_1_191' title='bbox 953 1241 1055 1287; x_wconf 72' lang='lat' dir='ltr'>hin‘c</span> <span class='ocrx_word' id='word_1_192' title='bbox 1075 1242 1130 1287; x_wconf 90' lang='lat' dir='ltr'>ad</span> <span class='ocrx_word' id='word_1_193' title='bbox 1152 1238 1249 1288; x_wconf 91' lang='lat' dir='ltr'>suos</span> <span class='ocrx_word' id='word_1_194' title='bbox 1268 1238 1412 1288; x_wconf 88' lang='lat' dir='ltr'>fontes</span> <span class='ocrx_word' id='word_1_195' title='bbox 1431 1242 1533 1288; x_wconf 87' lang='lat' dir='ltr'>inde</span> <span class='ocrx_word' id='word_1_196' title='bbox 1552 1243 1606 1288; x_wconf 90' lang='lat' dir='ltr'>ad</span> <span class='ocrx_word' id='word_1_197' title='bbox 1625 1241 1795 1302; x_wconf 83' lang='lat' dir='ltr'>linguas</span> <span class='ocrx_word' id='word_1_198' title='bbox 1815 1239 1964 1289; x_wconf 85' lang='lat' dir='ltr'>affines</span> <span class='ocrx_word' id='word_1_199' title='bbox 1992 1246 2196 1306; x_wconf 86' lang='lat' dir='ltr'>proxime</span> <span class='ocrx_word' id='word_1_200' title='bbox 2220 1263 2289 1295; x_wconf 85' lang='lat' dir='ltr'>ac-</span> 
     </span>
     <span class='ocr_line' id='line_1_18' title="bbox 69 1310 233 1359; baseline 0.018 -3"><span class='ocrx_word' id='word_1_201' title='bbox 69 1310 233 1359; x_wconf 84' lang='lat' dir='ltr'>cedere.</span> 
     </span>
    </p>

    <p class='ocr_par' dir='ltr' id='par_1_5' title="bbox 73 1370 2294 1833">
     <span class='ocr_line' id='line_1_19' title="bbox 209 1370 2288 1438; baseline 0.002 -19"><span class='ocrx_word' id='word_1_202' title='bbox 209 1385 353 1433; x_wconf 83' lang='lat' dir='ltr'>Atque</span> <span class='ocrx_word' id='word_1_203' title='bbox 375 1372 466 1420; x_wconf 87' lang='lat' dir='ltr'>haec</span> <span class='ocrx_word' id='word_1_204' title='bbox 484 1373 597 1419; x_wconf 89' lang='lat' dir='ltr'>ratio</span> <span class='ocrx_word' id='word_1_205' title='bbox 619 1370 704 1419; x_wconf 87' lang='lat' dir='ltr'>sola</span> <span class='ocrx_word' id='word_1_206' title='bbox 723 1372 766 1419; x_wconf 66' lang='grc' dir='ltr'>ὅ(</span> <span class='ocrx_word' id='word_1_207' title='bbox 784 1373 971 1433; x_wconf 88' lang='lat' dir='ltr'>genuina</span> <span class='ocrx_word' id='word_1_208' title='bbox 992 1370 1073 1430; x_wconf 87' lang='lat' dir='ltr'>est,</span> <span class='ocrx_word' id='word_1_209' title='bbox 1108 1389 1186 1421; x_wconf 89' lang='lat' dir='ltr'>cur</span> <span class='ocrx_word' id='word_1_210' title='bbox 1203 1371 1376 1436; x_wconf 76' lang='lat' dir='ltr'>lingulae</span> <span class='ocrx_word' id='word_1_211' title='bbox 1392 1371 1485 1421; x_wconf 88' lang='lat' dir='ltr'>fere</span> <span class='ocrx_word' id='word_1_212' title='bbox 1502 1376 1767 1436; x_wconf 90' lang='lat' dir='ltr'>antiquioras</span> <span class='ocrx_word' id='word_1_213' title='bbox 1788 1375 1948 1437; x_wconf 82' lang='lat' dir='ltr'>linguae</span> <span class='ocrx_word' id='word_1_214' title='bbox 1976 1373 2288 1438; x_wconf 45' lang='lat' dir='ltr'>septentrionaa</span> 
     </span>
     <span class='ocr_line' id='line_1_20' title="bbox 73 1436 2288 1503; baseline 0.003 -17"><span class='ocrx_word' id='word_1_215' title='bbox 73 1441 148 1497; x_wconf 87' lang='lat' dir='ltr'>les,</span> <span class='ocrx_word' id='word_1_216' title='bbox 167 1440 461 1501; x_wconf 80' lang='lat' dir='ltr'>Ulphilanam</span> <span class='ocrx_word' id='word_1_217' title='bbox 481 1454 690 1498; x_wconf 89' lang='lat' dir='ltr'>tanquam</span> <span class='ocrx_word' id='word_1_218' title='bbox 707 1436 831 1485; x_wconf 79' lang='lat' dir='ltr'>&#39;suam</span> <span class='ocrx_word' id='word_1_219' title='bbox 864 1438 903 1485; x_wconf 72' lang='grc' dir='ltr'>ἃ</span> <span class='ocrx_word' id='word_1_220' title='bbox 925 1438 1000 1485; x_wconf 81' lang='lat' dir='ltr'>{ibi</span> <span class='ocrx_word' id='word_1_221' title='bbox 1021 1441 1253 1501; x_wconf 82' lang='lat' dir='ltr'>propriam</span> <span class='ocrx_word' id='word_1_222' title='bbox 1280 1439 1521 1503; x_wconf 77' lang='lat' dir='ltr'>respiciant.</span> <span class='ocrx_word' id='word_1_223' title='bbox 1590 1446 1690 1488; x_wconf 87' lang='lat' dir='ltr'>Nos</span> <span class='ocrx_word' id='word_1_224' title='bbox 1710 1442 1849 1489; x_wconf 89' lang='lat' dir='ltr'>Gothi</span> <span class='ocrx_word' id='word_1_225' title='bbox 1880 1441 2108 1503; x_wconf 86' lang='lat' dir='ltr'>praesulem</span> <span class='ocrx_word' id='word_1_226' title='bbox 2131 1446 2288 1493; x_wconf 78' lang='lat' dir='ltr'>Gothi-</span> 
     </span>
     <span class='ocr_line' id='line_1_21' title="bbox 74 1505 2290 1565; baseline 0.001 -9"><span class='ocrx_word' id='word_1_227' title='bbox 74 1524 174 1556; x_wconf 86' lang='lat' dir='ltr'>cum</span> <span class='ocrx_word' id='word_1_228' title='bbox 195 1507 385 1552; x_wconf 84' lang='lat' dir='ltr'>Gothice</span> <span class='ocrx_word' id='word_1_229' title='bbox 412 1507 663 1565; x_wconf 87' lang='lat' dir='ltr'>loquentem</span> <span class='ocrx_word' id='word_1_230' title='bbox 681 1522 704 1551; x_wconf 89' lang='lat' dir='ltr'>a</span> <span class='ocrx_word' id='word_1_231' title='bbox 723 1505 850 1552; x_wconf 87' lang='lat' dir='ltr'>nobis</span> <span class='ocrx_word' id='word_1_232' title='bbox 869 1506 1060 1552; x_wconf 82' lang='lat' dir='ltr'>alienum</span> <span class='ocrx_word' id='word_1_233' title='bbox 1082 1524 1171 1552; x_wconf 88' lang='lat' dir='ltr'>non</span> <span class='ocrx_word' id='word_1_234' title='bbox 1192 1508 1479 1554; x_wconf 86' lang='lat' dir='ltr'>iudicavimus</span> <span class='ocrx_word' id='word_1_235' title='bbox 1493 1546 1502 1564; x_wconf 95' lang='lat'>‚</span> <span class='ocrx_word' id='word_1_236' title='bbox 1537 1508 1578 1554; x_wconf 74' lang='grc' dir='ltr'>ἃ</span> <span class='ocrx_word' id='word_1_237' title='bbox 1600 1510 1711 1555; x_wconf 88' lang='lat' dir='ltr'>inter</span> <span class='ocrx_word' id='word_1_238' title='bbox 1727 1525 1916 1555; x_wconf 89' lang='lat' dir='ltr'>veterem</span> <span class='ocrx_word' id='word_1_239' title='bbox 1944 1509 2178 1558; x_wconf 87' lang='lat' dir='ltr'>nostratem</span> <span class='ocrx_word' id='word_1_240' title='bbox 2204 1510 2290 1559; x_wconf 88' lang='lat' dir='ltr'>ser-</span> 
     </span>
     <span class='ocr_line' id='line_1_22' title="bbox 74 1569 2292 1641; baseline 0.001 -18"><span class='ocrx_word' id='word_1_241' title='bbox 74 1591 255 1623; x_wconf 86' lang='lat' dir='ltr'>monem</span> <span class='ocrx_word' id='word_1_242' title='bbox 275 1573 316 1619; x_wconf 85' lang='lat'>&amp;</span> <span class='ocrx_word' id='word_1_243' title='bbox 337 1573 456 1619; x_wconf 88' lang='lat' dir='ltr'>hunc</span> <span class='ocrx_word' id='word_1_244' title='bbox 475 1570 557 1619; x_wconf 83' lang='lat' dir='ltr'>sub</span> <span class='ocrx_word' id='word_1_245' title='bbox 576 1572 683 1618; x_wconf 89' lang='lat' dir='ltr'>adeo</span> <span class='ocrx_word' id='word_1_246' title='bbox 704 1571 846 1618; x_wconf 79' lang='lat' dir='ltr'>diffito</span> <span class='ocrx_word' id='word_1_247' title='bbox 865 1569 953 1618; x_wconf 87' lang='lat' dir='ltr'>sole</span> <span class='ocrx_word' id='word_1_248' title='bbox 973 1570 1245 1634; x_wconf 87' lang='lat' dir='ltr'>usurpatum,</span> <span class='ocrx_word' id='word_1_249' title='bbox 1266 1572 1497 1620; x_wconf 86' lang='lat' dir='ltr'>mirificam</span> <span class='ocrx_word' id='word_1_250' title='bbox 1517 1574 1796 1621; x_wconf 84' lang='lat' dir='ltr'>harmoniam</span> <span class='ocrx_word' id='word_1_251' title='bbox 1822 1575 2210 1635; x_wconf 76' lang='lat' dir='ltr'>deprehendimus.</span> <span class='ocrx_word' id='word_1_252' title='bbox 2244 1579 2292 1641; x_wconf 69' lang='lat'>*)</span> 
     </span>
     <span class='ocr_line' id='line_1_23' title="bbox 73 1637 2293 1706; baseline 0.001 -17"><span class='ocrx_word' id='word_1_253' title='bbox 73 1641 465 1702; x_wconf 76' lang='lat' dir='ltr'>Anglo-Saxonum</span> <span class='ocrx_word' id='word_1_254' title='bbox 485 1638 634 1699; x_wconf 83' lang='lat' dir='ltr'>lingua</span> <span class='ocrx_word' id='word_1_255' title='bbox 651 1637 704 1684; x_wconf 88' lang='lat' dir='ltr'>ab</span> <span class='ocrx_word' id='word_1_256' title='bbox 724 1638 874 1684; x_wconf 86' lang='lat' dir='ltr'>eadem</span> <span class='ocrx_word' id='word_1_257' title='bbox 893 1641 1108 1685; x_wconf 86' lang='lat' dir='ltr'>remotior</span> <span class='ocrx_word' id='word_1_258' title='bbox 1126 1657 1215 1685; x_wconf 87' lang='lat' dir='ltr'>non</span> <span class='ocrx_word' id='word_1_259' title='bbox 1234 1638 1316 1687; x_wconf 78' lang='lat' dir='ltr'>est:</span> <span class='ocrx_word' id='word_1_260' title='bbox 1350 1638 1480 1687; x_wconf 89' lang='lat' dir='ltr'>testor</span> <span class='ocrx_word' id='word_1_261' title='bbox 1496 1638 1695 1706; x_wconf 82' lang='lat' dir='ltr'>Junium</span> <span class='ocrx_word' id='word_1_262' title='bbox 1715 1643 2026 1703; x_wconf 82' lang='lat' dir='ltr'>ingentemque</span> <span class='ocrx_word' id='word_1_263' title='bbox 2054 1644 2293 1692; x_wconf 84' lang='lat' dir='ltr'>vocabulo·</span> 
     </span>
     <span class='ocr_line' id='line_1_24' title="bbox 73 1702 2294 1769; baseline -0.002 -13"><span class='ocrx_word' id='word_1_264' title='bbox 73 1723 175 1756; x_wconf 85' lang='lat' dir='ltr'>rum</span> <span class='ocrx_word' id='word_1_265' title='bbox 195 1702 459 1767; x_wconf 87' lang='lat' dir='ltr'>farraginem</span> <span class='ocrx_word' id='word_1_266' title='bbox 474 1742 484 1759; x_wconf 85' lang='lat'>,</span> <span class='ocrx_word' id='word_1_267' title='bbox 519 1721 614 1763; x_wconf 84' lang='lat' dir='ltr'>quae</span> <span class='ocrx_word' id='word_1_268' title='bbox 634 1705 679 1749; x_wconf 89' lang='lat' dir='ltr'>in</span> <span class='ocrx_word' id='word_1_269' title='bbox 699 1704 777 1750; x_wconf 86' lang='lat' dir='ltr'>hae</span> <span class='ocrx_word' id='word_1_270' title='bbox 797 1702 881 1751; x_wconf 87' lang='lat' dir='ltr'>sola</span> <span class='ocrx_word' id='word_1_271' title='bbox 901 1703 1087 1751; x_wconf 69' lang='lat' dir='ltr'>dialesto</span> <span class='ocrx_word' id='word_1_272' title='bbox 1100 1737 1112 1760; x_wconf 94' lang='lat'>,</span> <span class='ocrx_word' id='word_1_273' title='bbox 1147 1707 1264 1752; x_wconf 86' lang='lat' dir='ltr'>iuxta</span> <span class='ocrx_word' id='word_1_274' title='bbox 1281 1705 1483 1753; x_wconf 87' lang='lat' dir='ltr'>codicem</span> <span class='ocrx_word' id='word_1_275' title='bbox 1503 1722 1779 1769; x_wconf 87' lang='lat' dir='ltr'>argenteum,</span> <span class='ocrx_word' id='word_1_276' title='bbox 1810 1706 2021 1769; x_wconf 85' lang='lat' dir='ltr'>superstes</span> <span class='ocrx_word' id='word_1_277' title='bbox 2040 1708 2115 1760; x_wconf 72' lang='lat' dir='ltr'>est.</span> <span class='ocrx_word' id='word_1_278' title='bbox 2182 1712 2294 1761; x_wconf 80' lang='lat' dir='ltr'>Ger.</span> 
     </span>
     <span class='ocr_line' id='line_1_25' title="bbox 74 1767 1424 1833; baseline -0.002 -12"><span class='ocrx_word' id='word_1_279' title='bbox 74 1776 196 1822; x_wconf 86' lang='lat' dir='ltr'>mani</span> <span class='ocrx_word' id='word_1_280' title='bbox 216 1773 474 1819; x_wconf 86' lang='lat' dir='ltr'>Francicum</span> <span class='ocrx_word' id='word_1_281' title='bbox 497 1770 630 1816; x_wconf 84' lang='lat' dir='ltr'>huius</span> <span class='ocrx_word' id='word_1_282' title='bbox 651 1768 875 1816; x_wconf 60' lang='lat' dir='ltr'>auffiorem</span> <span class='ocrx_word' id='word_1_283' title='bbox 895 1767 1045 1828; x_wconf 89' lang='lat' dir='ltr'>fuisse,</span> <span class='ocrx_word' id='word_1_284' title='bbox 1079 1772 1232 1817; x_wconf 89' lang='lat' dir='ltr'>acriter</span> <span class='ocrx_word' id='word_1_285' title='bbox 1251 1787 1424 1833; x_wconf 85' lang='lat' dir='ltr'>urgent.</span> 
     </span>
    </p>

    <p class='ocr_par' dir='ltr' id='par_1_6' title="bbox 73 1833 2299 2435">
     <span class='ocr_line' id='line_1_26' title="bbox 211 1833 2295 1903; baseline 0.002 -18"><span class='ocrx_word' id='word_1_286' title='bbox 211 1841 311 1886; x_wconf 92' lang='lat' dir='ltr'>Ten</span> <span class='ocrx_word' id='word_1_287' title='bbox 332 1841 516 1884; x_wconf 85' lang='lat' dir='ltr'>Katenus</span> <span class='ocrx_word' id='word_1_288' title='bbox 528 1872 540 1893; x_wconf 83' lang='lat'>,</span> <span class='ocrx_word' id='word_1_289' title='bbox 574 1837 641 1882; x_wconf 88' lang='lat' dir='ltr'>vir</span> <span class='ocrx_word' id='word_1_290' title='bbox 661 1833 969 1882; x_wconf 83' lang='lat' dir='ltr'>eruditiffimus</span> <span class='ocrx_word' id='word_1_291' title='bbox 982 1873 994 1895; x_wconf 88' lang='lat'>‚</span> <span class='ocrx_word' id='word_1_292' title='bbox 1024 1836 1227 1899; x_wconf 78' lang='lat' dir='ltr'>lingulati</span> <span class='ocrx_word' id='word_1_293' title='bbox 1245 1836 1427 1884; x_wconf 67' lang='lat' dir='ltr'>traElatu</span> <span class='ocrx_word' id='word_1_294' title='bbox 1446 1836 1513 1900; x_wconf 47' lang='lat' dir='ltr'>W)</span> <span class='ocrx_word' id='word_1_295' title='bbox 1527 1874 1538 1895; x_wconf 93' lang='lat'>,</span> <span class='ocrx_word' id='word_1_296' title='bbox 1572 1856 1706 1900; x_wconf 89' lang='lat' dir='ltr'>quam</span> <span class='ocrx_word' id='word_1_297' title='bbox 1722 1857 1866 1903; x_wconf 88' lang='lat' dir='ltr'>prope</span> <span class='ocrx_word' id='word_1_298' title='bbox 1884 1840 1976 1888; x_wconf 81' lang='lat' dir='ltr'>haec</span> <span class='ocrx_word' id='word_1_299' title='bbox 1994 1840 2146 1903; x_wconf 86' lang='lat' dir='ltr'>lingua</span> <span class='ocrx_word' id='word_1_300' title='bbox 2163 1858 2187 1889; x_wconf 86' lang='lat' dir='ltr'>a</span> <span class='ocrx_word' id='word_1_301' title='bbox 2201 1842 2295 1889; x_wconf 89' lang='lat' dir='ltr'>Bel·</span> 
     </span>
     <span class='ocr_line' id='line_1_27' title="bbox 73 1900 2296 1979; baseline 0 -25"><span class='ocrx_word' id='word_1_302' title='bbox 73 1908 160 1970; x_wconf 85' lang='lat' dir='ltr'>gici</span> <span class='ocrx_word' id='word_1_303' title='bbox 180 1902 392 1953; x_wconf 88' lang='lat' dir='ltr'>sermonis</span> <span class='ocrx_word' id='word_1_304' title='bbox 411 1907 540 1965; x_wconf 87' lang='lat' dir='ltr'>genio</span> <span class='ocrx_word' id='word_1_305' title='bbox 561 1900 685 1960; x_wconf 80' lang='lat' dir='ltr'>absit,</span> <span class='ocrx_word' id='word_1_306' title='bbox 719 1901 1064 1950; x_wconf 85' lang='lat' dir='ltr'>demonstratum</span> <span class='ocrx_word' id='word_1_307' title='bbox 1086 1906 1178 1951; x_wconf 87' lang='lat' dir='ltr'>ivit.</span> <span class='ocrx_word' id='word_1_308' title='bbox 1245 1907 1391 1951; x_wconf 90' lang='lat' dir='ltr'>Immo</span> <span class='ocrx_word' id='word_1_309' title='bbox 1410 1923 1499 1952; x_wconf 82' lang='lat' dir='ltr'>non</span> <span class='ocrx_word' id='word_1_310' title='bbox 1520 1906 1605 1952; x_wconf 89' lang='lat' dir='ltr'>hoc</span> <span class='ocrx_word' id='word_1_311' title='bbox 1623 1922 1814 1962; x_wconf 82' lang='lat' dir='ltr'>tautum,</span> <span class='ocrx_word' id='word_1_312' title='bbox 1846 1924 1997 1953; x_wconf 85' lang='lat' dir='ltr'>verum</span> <span class='ocrx_word' id='word_1_313' title='bbox 2016 1908 2164 1979; x_wconf 73' lang='lat' dir='ltr'>lingua</span> <span class='ocrx_word' id='word_1_314' title='bbox 2181 1909 2296 1955; x_wconf 87' lang='lat' dir='ltr'>Wal-</span> 
     </span>
     <span class='ocr_line' id='line_1_28' title="bbox 78 1968 2298 2030; baseline 0 -10"><span class='ocrx_word' id='word_1_315' title='bbox 78 1974 244 2021; x_wconf 83' lang='lat' dir='ltr'>lachica</span> <span class='ocrx_word' id='word_1_316' title='bbox 270 1973 378 2017; x_wconf 85' lang='lat' dir='ltr'>adeo</span> <span class='ocrx_word' id='word_1_317' title='bbox 397 1970 649 2029; x_wconf 86' lang='lat' dir='ltr'>Ulpbilanae</span> <span class='ocrx_word' id='word_1_318' title='bbox 669 1969 891 2028; x_wconf 84' lang='lat' dir='ltr'>hodieque</span> <span class='ocrx_word' id='word_1_319' title='bbox 909 1968 1060 2016; x_wconf 82' lang='lat' dir='ltr'>similis</span> <span class='ocrx_word' id='word_1_320' title='bbox 1083 1969 1163 2016; x_wconf 88' lang='lat' dir='ltr'>esse</span> <span class='ocrx_word' id='word_1_321' title='bbox 1184 1971 1367 2026; x_wconf 77' lang='lat' dir='ltr'>dicitur,</span> <span class='ocrx_word' id='word_1_322' title='bbox 1402 1986 1451 2017; x_wconf 90' lang='lat' dir='ltr'>ut</span> <span class='ocrx_word' id='word_1_323' title='bbox 1480 1973 1557 2030; x_wconf 87' lang='lat' dir='ltr'>qui</span> <span class='ocrx_word' id='word_1_324' title='bbox 1584 1971 1718 2018; x_wconf 84' lang='lat' dir='ltr'>huius</span> <span class='ocrx_word' id='word_1_325' title='bbox 1751 1974 1938 2020; x_wconf 88' lang='lat' dir='ltr'>nationis</span> <span class='ocrx_word' id='word_1_326' title='bbox 1962 1989 2146 2019; x_wconf 90' lang='lat' dir='ltr'>aureum</span> <span class='ocrx_word' id='word_1_327' title='bbox 2175 1974 2298 2020; x_wconf 86' lang='lat' dir='ltr'>eodi-</span> 
     </span>
     <span class='ocr_line' id='line_1_29' title="bbox 80 2034 2295 2099; baseline 0 -13"><span class='ocrx_word' id='word_1_328' title='bbox 80 2056 174 2087; x_wconf 84' lang='lat' dir='ltr'>cem</span> <span class='ocrx_word' id='word_1_329' title='bbox 197 2038 275 2085; x_wconf 87' lang='lat' dir='ltr'>fibi</span> <span class='ocrx_word' id='word_1_330' title='bbox 295 2038 472 2098; x_wconf 71' lang='lat' dir='ltr'>praelegi</span> <span class='ocrx_word' id='word_1_331' title='bbox 492 2035 682 2092; x_wconf 87' lang='lat' dir='ltr'>audivit,</span> <span class='ocrx_word' id='word_1_332' title='bbox 714 2052 818 2082; x_wconf 91' lang='lat' dir='ltr'>eum</span> <span class='ocrx_word' id='word_1_333' title='bbox 837 2034 922 2082; x_wconf 85' lang='lat' dir='ltr'>fine</span> <span class='ocrx_word' id='word_1_334' title='bbox 941 2037 1174 2099; x_wconf 88' lang='lat' dir='ltr'>interprete</span> <span class='ocrx_word' id='word_1_335' title='bbox 1202 2036 1478 2096; x_wconf 84' lang='lat' dir='ltr'>intellexerit,</span> <span class='ocrx_word' id='word_1_336' title='bbox 1510 2035 1541 2083; x_wconf 86' lang='lat' dir='ltr'><strong>fi</strong></span> <span class='ocrx_word' id='word_1_337' title='bbox 1561 2036 1792 2085; x_wconf 88' lang='lat' dir='ltr'>Atlantices</span> <span class='ocrx_word' id='word_1_338' title='bbox 1818 2035 1989 2085; x_wconf 68' lang='lat' dir='ltr'>austeri</span> <span class='ocrx_word' id='word_1_339' title='bbox 2007 2036 2115 2086; x_wconf 82' lang='lat' dir='ltr'>fides</span> <span class='ocrx_word' id='word_1_340' title='bbox 2135 2038 2295 2088; x_wconf 88' lang='lat' dir='ltr'>haben·</span> 
     </span>
     <span class='ocr_line' id='line_1_30' title="bbox 78 2103 1397 2165; baseline 0.001 -11"><span class='ocrx_word' id='word_1_341' title='bbox 78 2107 133 2154; x_wconf 87' lang='lat' dir='ltr'>da</span> <span class='ocrx_word' id='word_1_342' title='bbox 152 2107 234 2152; x_wconf 90' lang='lat' dir='ltr'>erit</span> <span class='ocrx_word' id='word_1_343' title='bbox 266 2103 390 2165; x_wconf 79' lang='lat'>***)·</span> <span class='ocrx_word' id='word_1_344' title='bbox 1388 2103 1397 2111; x_wconf 38' lang='lat'><em>²</em></span> 
     </span>
     <span class='ocr_line' id='line_1_31' title="bbox 89 2165 2299 2231; baseline 0.002 -14"><span class='ocrx_word' id='word_1_345' title='bbox 89 2220 92 2222; x_wconf 69' lang='grc'>,</span> <span class='ocrx_word' id='word_1_346' title='bbox 216 2175 333 2217; x_wconf 89' lang='lat' dir='ltr'>Inter</span> <span class='ocrx_word' id='word_1_347' title='bbox 356 2171 555 2217; x_wconf 86' lang='lat' dir='ltr'>Graecam</span> <span class='ocrx_word' id='word_1_348' title='bbox 584 2167 626 2215; x_wconf 77' lang='grc' dir='ltr'>ὅτ</span> <span class='ocrx_word' id='word_1_349' title='bbox 645 2165 1017 2229; x_wconf 86' lang='lat' dir='ltr'>Moesogothicam</span> <span class='ocrx_word' id='word_1_350' title='bbox 1045 2181 1207 2216; x_wconf 87' lang='lat' dir='ltr'>tantam</span> <span class='ocrx_word' id='word_1_351' title='bbox 1238 2165 1490 2216; x_wconf 85' lang='lat' dir='ltr'>affinitatem</span> <span class='ocrx_word' id='word_1_352' title='bbox 1515 2168 1895 2231; x_wconf 88' lang='lat' dir='ltr'>deprehenderunt</span> <span class='ocrx_word' id='word_1_353' title='bbox 1919 2168 2093 2218; x_wconf 88' lang='lat' dir='ltr'>illustris</span> <span class='ocrx_word' id='word_1_354' title='bbox 2115 2170 2299 2221; x_wconf 81' lang='lat' dir='ltr'>Stiern·</span> 
     </span>
     <span class='ocr_line' id='line_1_32' title="bbox 80 2233 2299 2300; baseline -0.001 -10"><span class='ocrx_word' id='word_1_355' title='bbox 80 2237 287 2291; x_wconf 69' lang='lat' dir='ltr'>bielmius</span> <span class='ocrx_word' id='word_1_356' title='bbox 303 2237 465 2296; x_wconf 88' lang='lat' dir='ltr'>aliique</span> <span class='ocrx_word' id='word_1_357' title='bbox 479 2273 489 2293; x_wconf 96' lang='lat'>‚</span> <span class='ocrx_word' id='word_1_358' title='bbox 520 2250 568 2282; x_wconf 88' lang='lat' dir='ltr'>ut</span> <span class='ocrx_word' id='word_1_359' title='bbox 589 2251 674 2297; x_wconf 84' lang='lat' dir='ltr'>pro</span> <span class='ocrx_word' id='word_1_360' title='bbox 694 2233 976 2281; x_wconf 86' lang='lat' dir='ltr'>Hellenistica</span> <span class='ocrx_word' id='word_1_361' title='bbox 993 2235 1103 2282; x_wconf 88' lang='lat' dir='ltr'>hanc</span> <span class='ocrx_word' id='word_1_362' title='bbox 1122 2252 1243 2297; x_wconf 86' lang='lat' dir='ltr'>paene</span> <span class='ocrx_word' id='word_1_363' title='bbox 1261 2234 1516 2293; x_wconf 86' lang='lat' dir='ltr'>habuerint,</span> <span class='ocrx_word' id='word_1_364' title='bbox 1548 2236 1592 2283; x_wconf 75' lang='grc' dir='ltr'>ὅτ</span> <span class='ocrx_word' id='word_1_365' title='bbox 1609 2233 1758 2297; x_wconf 88' lang='lat' dir='ltr'>reapse</span> <span class='ocrx_word' id='word_1_366' title='bbox 1777 2238 2051 2298; x_wconf 86' lang='lat' dir='ltr'>experiantur</span> <span class='ocrx_word' id='word_1_367' title='bbox 2068 2240 2299 2300; x_wconf 88' lang='lat' dir='ltr'>utriusque</span> 
     </span>
     <span class='ocr_line' id='line_1_33' title="bbox 83 2299 2298 2367; baseline 0 -14"><span class='ocrx_word' id='word_1_368' title='bbox 83 2302 244 2367; x_wconf 81' lang='lat' dir='ltr'>linguae</span> <span class='ocrx_word' id='word_1_369' title='bbox 265 2305 418 2367; x_wconf 87' lang='lat' dir='ltr'>periti,</span> <span class='ocrx_word' id='word_1_370' title='bbox 453 2318 605 2348; x_wconf 89' lang='lat' dir='ltr'>verum</span> <span class='ocrx_word' id='word_1_371' title='bbox 630 2299 732 2358; x_wconf 89' lang='lat' dir='ltr'>esse,</span> <span class='ocrx_word' id='word_1_372' title='bbox 766 2301 886 2361; x_wconf 90' lang='lat' dir='ltr'>quod</span> <span class='ocrx_word' id='word_1_373' title='bbox 915 2299 1015 2348; x_wconf 88' lang='lat' dir='ltr'>suos</span> <span class='ocrx_word' id='word_1_374' title='bbox 1043 2303 1155 2348; x_wconf 89' lang='lat' dir='ltr'>cives</span> <span class='ocrx_word' id='word_1_375' title='bbox 1186 2303 1336 2348; x_wconf 90' lang='lat' dir='ltr'>docuit</span> <span class='ocrx_word' id='word_1_376' title='bbox 1360 2302 1570 2360; x_wconf 86' lang='lat' dir='ltr'>Ovidius,</span> <span class='ocrx_word' id='word_1_377' title='bbox 1606 2302 1791 2350; x_wconf 88' lang='lat' dir='ltr'>Gothici</span> <span class='ocrx_word' id='word_1_378' title='bbox 1818 2303 1939 2350; x_wconf 89' lang='lat' dir='ltr'>orbis</span> <span class='ocrx_word' id='word_1_379' title='bbox 1965 2301 2115 2349; x_wconf 88' lang='lat' dir='ltr'>infelix</span> <span class='ocrx_word' id='word_1_380' title='bbox 2142 2306 2298 2365; x_wconf 83' lang='lat' dir='ltr'>incola,</span> 
     </span>
     <span class='ocr_line' id='line_1_34' title="bbox 83 2366 2298 2435; baseline -0.001 -15"><span class='ocrx_word' id='word_1_381' title='bbox 83 2371 219 2435; x_wconf 68' lang='lat' dir='ltr'>Graio</span> <span class='ocrx_word' id='word_1_382' title='bbox 237 2387 398 2432; x_wconf 87' lang='lat' dir='ltr'>nempe</span> <span class='ocrx_word' id='word_1_383' title='bbox 417 2368 525 2416; x_wconf 76' lang='lat' dir='ltr'>iono</span> <span class='ocrx_word' id='word_1_384' title='bbox 546 2368 778 2415; x_wconf 82' lang='lat' dir='ltr'>Gethicam</span> <span class='ocrx_word' id='word_1_385' title='bbox 798 2367 1018 2428; x_wconf 89' lang='lat' dir='ltr'>loquelam</span> <span class='ocrx_word' id='word_1_386' title='bbox 1039 2382 1176 2416; x_wconf 90' lang='lat' dir='ltr'>totam</span> <span class='ocrx_word' id='word_1_387' title='bbox 1195 2383 1402 2428; x_wconf 84' lang='lat' dir='ltr'>quantam</span> <span class='ocrx_word' id='word_1_388' title='bbox 1420 2371 1686 2431; x_wconf 79' lang='lat' dir='ltr'>permixtam</span> <span class='ocrx_word' id='word_1_389' title='bbox 1703 2366 1845 2426; x_wconf 83' lang='lat' dir='ltr'>fuisse.</span> <span class='ocrx_word' id='word_1_390' title='bbox 1902 2371 2109 2417; x_wconf 82' lang='lat' dir='ltr'>Latinum</span> <span class='ocrx_word' id='word_1_391' title='bbox 2136 2368 2298 2418; x_wconf 86' lang='lat' dir='ltr'>sermo·</span> 
     </span>
    </p>
   </div>
   <div class='ocr_carea' id='block_1_3' title="bbox 1218 2438 2300 2497">
    <p class='ocr_par' dir='ltr' id='par_1_7' title="bbox 1218 2438 2300 2497">
     <span class='ocr_line' id='line_1_35' title="bbox 1218 2438 2300 2497; baseline 0.003 -16"><span class='ocrx_word' id='word_1_392' title='bbox 1218 2438 1301 2497; x_wconf 88' lang='lat' dir='ltr'>Pp</span> <span class='ocrx_word' id='word_1_393' title='bbox 1338 2450 1366 2481; x_wconf 89' lang='lat'>2</span> <span class='ocrx_word' id='word_1_394' title='bbox 1898 2464 1915 2469; x_wconf 80' lang='lat'>—</span> <span class='ocrx_word' id='word_1_395' title='bbox 2197 2454 2300 2485; x_wconf 89' lang='lat' dir='ltr'>nem</span> 
     </span>
    </p>
   </div>
   <div class='ocr_carea' id='block_1_4' title="bbox 91 2518 2299 2537">
    <p class='ocr_par' dir='ltr' id='par_1_8' title="bbox 91 2518 2299 2537">
     <span class='ocr_line' id='line_1_36' title="bbox 91 2518 2299 2537; baseline 0 843"><span class='ocrx_word' id='word_1_396' title='bbox 91 2518 2299 2537; x_wconf 95' lang='lat' dir='ltr'> </span> 
     </span>
    </p>
   </div>
   <div class='ocr_carea' id='block_1_5' title="bbox 89 2536 2303 3029">
    <p class='ocr_par' dir='ltr' id='par_1_9' title="bbox 89 2536 2300 2711">
     <span class='ocr_line' id='line_1_37' title="bbox 89 2536 2299 2608; baseline 0.001 -16"><span class='ocrx_word' id='word_1_397' title='bbox 89 2536 107 2551; x_wconf 16' lang='grc' dir='ltr'><em>Ἀ</em></span> <span class='ocrx_word' id='word_1_398' title='bbox 138 2559 183 2607; x_wconf 74' lang='lat' dir='ltr'>*J</span> <span class='ocrx_word' id='word_1_399' title='bbox 208 2553 326 2606; x_wconf 73' lang='lat' dir='ltr'>L-didiJ</span> <span class='ocrx_word' id='word_1_400' title='bbox 339 2567 354 2591; x_wconf 90' lang='lat' dir='ltr'>e</span> <span class='ocrx_word' id='word_1_401' title='bbox 373 2554 440 2596; x_wconf 62' lang='lat' dir='ltr'>Er0</span> <span class='ocrx_word' id='word_1_402' title='bbox 461 2554 546 2604; x_wconf 75' lang='lat' dir='ltr'>Jul,</span> <span class='ocrx_word' id='word_1_403' title='bbox 564 2555 774 2593; x_wconf 69' lang='lat' dir='ltr'>Biornerum</span> <span class='ocrx_word' id='word_1_404' title='bbox 785 2550 1061 2604; x_wconf 80' lang='lat' dir='ltr'>parallelismum</span> <span class='ocrx_word' id='word_1_405' title='bbox 1079 2547 1280 2605; x_wconf 77' lang='lat' dir='ltr'>ling&#39;uarum</span> <span class='ocrx_word' id='word_1_406' title='bbox 1295 2549 1548 2604; x_wconf 71' lang='lat' dir='ltr'>Moesogothicae</span> <span class='ocrx_word' id='word_1_407' title='bbox 1566 2550 1610 2592; x_wconf 52' lang='grc' dir='ltr'>Εἴ</span> <span class='ocrx_word' id='word_1_408' title='bbox 1625 2551 1757 2591; x_wconf 76' lang='lat' dir='ltr'>scando</span> <span class='ocrx_word' id='word_1_409' title='bbox 1776 2552 1948 2602; x_wconf 63' lang='lat' dir='ltr'>Gothic-«e,</span> <span class='ocrx_word' id='word_1_410' title='bbox 1979 2566 2155 2592; x_wconf 87' lang='lat' dir='ltr'>annexum</span> <span class='ocrx_word' id='word_1_411' title='bbox 2171 2557 2299 2608; x_wconf 80' lang='lat' dir='ltr'>cogita-</span> 
     </span>
     <span class='ocr_line' id='line_1_38' title="bbox 190 2602 2300 2660; baseline -0 -13"><span class='ocrx_word' id='word_1_412' title='bbox 190 2607 339 2647; x_wconf 74' lang='lat' dir='ltr'>tionibus</span> <span class='ocrx_word' id='word_1_413' title='bbox 356 2608 471 2644; x_wconf 83' lang='lat' dir='ltr'>critico</span> <span class='ocrx_word' id='word_1_414' title='bbox 483 2605 715 2660; x_wconf 78' lang='lat' dir='ltr'>philologieis,</span> <span class='ocrx_word' id='word_1_415' title='bbox 747 2608 924 2652; x_wconf 73' lang='lat' dir='ltr'>novimus,</span> <span class='ocrx_word' id='word_1_416' title='bbox 952 2603 992 2642; x_wconf 85' lang='lat' dir='ltr'>de</span> <span class='ocrx_word' id='word_1_417' title='bbox 1008 2618 1073 2656; x_wconf 82' lang='lat' dir='ltr'>qno</span> <span class='ocrx_word' id='word_1_418' title='bbox 1091 2603 1247 2656; x_wconf 77' lang='lat' dir='ltr'>instituto</span> <span class='ocrx_word' id='word_1_419' title='bbox 1263 2606 1334 2644; x_wconf 83' lang='lat' dir='ltr'>eius</span> <span class='ocrx_word' id='word_1_420' title='bbox 1350 2602 1652 2657; x_wconf 68' lang='lat' dir='ltr'>quidftutiamus,</span> <span class='ocrx_word' id='word_1_421' title='bbox 1679 2604 1889 2646; x_wconf 82' lang='lat' dir='ltr'>tradidimus</span> <span class='ocrx_word' id='word_1_422' title='bbox 1904 2620 2017 2660; x_wconf 74' lang='lat' dir='ltr'>nuper</span> <span class='ocrx_word' id='word_1_423' title='bbox 2031 2607 2069 2646; x_wconf 87' lang='lat' dir='ltr'>in</span> <span class='ocrx_word' id='word_1_424' title='bbox 2092 2608 2181 2647; x_wconf 84' lang='lat' dir='ltr'>notis</span> <span class='ocrx_word' id='word_1_425' title='bbox 2204 2607 2300 2658; x_wconf 41' lang='lat' dir='ltr'>criti&lt;</span> 
     </span>
     <span class='ocr_line' id='line_1_39' title="bbox 189 2657 1161 2711; baseline -0.003 -12"><span class='ocrx_word' id='word_1_426' title='bbox 189 2662 235 2700; x_wconf 77' lang='lat' dir='ltr'>cis</span> <span class='ocrx_word' id='word_1_427' title='bbox 253 2658 299 2697; x_wconf 83' lang='lat' dir='ltr'>ad</span> <span class='ocrx_word' id='word_1_428' title='bbox 314 2657 486 2707; x_wconf 72' lang='lat' dir='ltr'>vetustum</span> <span class='ocrx_word' id='word_1_429' title='bbox 503 2657 696 2711; x_wconf 82' lang='lat' dir='ltr'>catalogum</span> <span class='ocrx_word' id='word_1_430' title='bbox 714 2671 838 2711; x_wconf 76' lang='lat' dir='ltr'>reg-um</span> <span class='ocrx_word' id='word_1_431' title='bbox 854 2657 1161 2709; x_wconf 75' lang='lat' dir='ltr'>Suiogotlu‘corum.</span> 
     </span>
    </p>

    <p class='ocr_par' dir='ltr' id='par_1_10' title="bbox 139 2707 2303 2803">
     <span class='ocr_line' id='line_1_40' title="bbox 139 2707 2303 2763; baseline 0.003 -14"><span class='ocrx_word' id='word_1_432' title='bbox 139 2713 207 2762; x_wconf 58' lang='grc' dir='ltr'>*Ὅ</span> <span class='ocrx_word' id='word_1_433' title='bbox 242 2708 381 2750; x_wconf 75' lang='lat' dir='ltr'>Titulus</span> <span class='ocrx_word' id='word_1_434' title='bbox 397 2709 477 2750; x_wconf 85' lang='lat' dir='ltr'>libri</span> <span class='ocrx_word' id='word_1_435' title='bbox 493 2711 559 2762; x_wconf 74' lang='lat' dir='ltr'>cst:</span> <span class='ocrx_word' id='word_1_436' title='bbox 587 2709 883 2763; x_wconf 80' lang='lat' dir='ltr'>Gemeen-schap</span> <span class='ocrx_word' id='word_1_437' title='bbox 901 2707 1023 2750; x_wconf 80' lang='lat' dir='ltr'>tuffeu</span> <span class='ocrx_word' id='word_1_438' title='bbox 1040 2710 1086 2750; x_wconf 89' lang='lat' dir='ltr'>de</span> <span class='ocrx_word' id='word_1_439' title='bbox 1105 2710 1307 2751; x_wconf 84' lang='lat' dir='ltr'>Gothisehe</span> <span class='ocrx_word' id='word_1_440' title='bbox 1326 2709 1498 2763; x_wconf 76' lang='lat' dir='ltr'>spraeche</span> <span class='ocrx_word' id='word_1_441' title='bbox 1516 2723 1564 2750; x_wconf 87' lang='lat' dir='ltr'>en</span> <span class='ocrx_word' id='word_1_442' title='bbox 1583 2710 1629 2750; x_wconf 90' lang='lat' dir='ltr'>de</span> <span class='ocrx_word' id='word_1_443' title='bbox 1644 2708 1972 2763; x_wconf 86' lang='lat' dir='ltr'>Nederduytsche.</span> <span class='ocrx_word' id='word_1_444' title='bbox 1999 2709 2158 2754; x_wconf 81' lang='lat' dir='ltr'>Amstel.</span> <span class='ocrx_word' id='word_1_445' title='bbox 2184 2716 2303 2760; x_wconf 74' lang='lat'>17100&#39;</span> 
     </span>
     <span class='ocr_line' id='line_1_41' title="bbox 193 2768 401 2803; baseline 0 0"><span class='ocrx_word' id='word_1_446' title='bbox 193 2768 201 2774; x_wconf 87' lang='lat'>&#39;</span> <span class='ocrx_word' id='word_1_447' title='bbox 279 2773 401 2803; x_wconf 78' lang='lat' dir='ltr'>uarro.</span> 
     </span>
    </p>

    <p class='ocr_par' dir='ltr' id='par_1_11' title="bbox 139 2778 2302 3028">
     <span class='ocr_line' id='line_1_42' title="bbox 139 2778 2302 2869; baseline 0.005 -22"><span class='ocrx_word' id='word_1_448' title='bbox 139 2779 233 2869; x_wconf 47' lang='lat' dir='ltr'>*wig</span> <span class='ocrx_word' id='word_1_449' title='bbox 253 2778 379 2856; x_wconf 82' lang='lat' dir='ltr'>qurha</span> <span class='ocrx_word' id='word_1_450' title='bbox 397 2815 467 2854; x_wconf 85' lang='lat' dir='ltr'>eius</span> <span class='ocrx_word' id='word_1_451' title='bbox 496 2816 585 2854; x_wconf 93' lang='lat' dir='ltr'>Tom</span> <span class='ocrx_word' id='word_1_452' title='bbox 617 2815 691 2854; x_wconf 83' lang='lat'><strong><em>111.</em></strong></span> <span class='ocrx_word' id='word_1_453' title='bbox 711 2829 759 2868; x_wconf 73' lang='lat' dir='ltr'>p,</span> <span class='ocrx_word' id='word_1_454' title='bbox 776 2828 837 2855; x_wconf 87' lang='lat'><em>210.</em></span> <span class='ocrx_word' id='word_1_455' title='bbox 866 2815 935 2854; x_wconf 82' lang='lat' dir='ltr'>haec</span> <span class='ocrx_word' id='word_1_456' title='bbox 952 2813 1061 2867; x_wconf 79' lang='lat' dir='ltr'>fimt:</span> <span class='ocrx_word' id='word_1_457' title='bbox 1088 2815 1227 2855; x_wconf 78' lang='lat' dir='ltr'>iiro‘och</span> <span class='ocrx_word' id='word_1_458' title='bbox 1243 2815 1366 2869; x_wconf 68' lang='lat' dir='ltr'>mc‘inge</span> <span class='ocrx_word' id='word_1_459' title='bbox 1383 2827 1479 2854; x_wconf 85' lang='lat' dir='ltr'>orter</span> <span class='ocrx_word' id='word_1_460' title='bbox 1496 2817 1623 2854; x_wconf 56' lang='lat' dir='ltr'>annui</span> <span class='ocrx_word' id='word_1_461' title='bbox 1645 2814 1871 2862; x_wconf 75' lang='lat' dir='ltr'>Wallacln&#39;et,</span> <span class='ocrx_word' id='word_1_462' title='bbox 1889 2813 1971 2867; x_wconf 77' lang='lat' dir='ltr'>som</span> <span class='ocrx_word' id='word_1_463' title='bbox 1996 2813 2106 2854; x_wconf 81' lang='lat' dir='ltr'>bruka</span> <span class='ocrx_word' id='word_1_464' title='bbox 2125 2816 2207 2856; x_wconf 73' lang='grc' dir='ltr'>υἰὶντ</span> <span class='ocrx_word' id='word_1_465' title='bbox 2226 2816 2302 2858; x_wconf 75' lang='grc' dir='ltr'>(ῗὸ-’</span> 
     </span>
     <span class='ocr_line' id='line_1_43' title="bbox 192 2866 2301 2922; baseline -0.001 -12"><span class='ocrx_word' id='word_1_466' title='bbox 192 2868 308 2922; x_wconf 71' lang='lat' dir='ltr'>thzske</span> <span class='ocrx_word' id='word_1_467' title='bbox 316 2867 431 2922; x_wconf 56' lang='lat' dir='ltr'>ffirclk</span> <span class='ocrx_word' id='word_1_468' title='bbox 446 2867 506 2907; x_wconf 87' lang='lat' dir='ltr'>och</span> <span class='ocrx_word' id='word_1_469' title='bbox 530 2866 673 2919; x_wconf 76' lang='lat' dir='ltr'>Ulf&#39;vilae</span> <span class='ocrx_word' id='word_1_470' title='bbox 692 2866 987 2919; x_wconf 56' lang='lat' dir='ltr'>Runebokstcif&#39;ver</span> <span class='ocrx_word' id='word_1_471' title='bbox 999 2898 1009 2915; x_wconf 94' lang='lat'><em>,</em></span> <span class='ocrx_word' id='word_1_472' title='bbox 1040 2867 1096 2906; x_wconf 85' lang='lat' dir='ltr'>det</span> <span class='ocrx_word' id='word_1_473' title='bbox 1121 2881 1162 2907; x_wconf 82' lang='lat' dir='ltr'>en</span> <span class='ocrx_word' id='word_1_474' title='bbox 1182 2866 1402 2920; x_wconf 77' lang='lat' dir='ltr'>Wallachisk</span> <span class='ocrx_word' id='word_1_475' title='bbox 1417 2867 1657 2922; x_wconf 71' lang='lat' dir='ltr'>Sc&#39;inningebod</span> <span class='ocrx_word' id='word_1_476' title='bbox 1683 2868 1734 2907; x_wconf 86' lang='lat' dir='ltr'>hit</span> <span class='ocrx_word' id='word_1_477' title='bbox 1757 2867 1811 2906; x_wconf 83' lang='lat' dir='ltr'>till</span> <span class='ocrx_word' id='word_1_478' title='bbox 1826 2869 1929 2907; x_wconf 83' lang='lat' dir='ltr'>Hans</span> <span class='ocrx_word' id='word_1_479' title='bbox 1945 2869 1993 2908; x_wconf 82' lang='lat' dir='ltr'>K.</span> <span class='ocrx_word' id='word_1_480' title='bbox 2011 2868 2128 2919; x_wconf 69' lang='lat' dir='ltr'>Mty&#39;it</span> <span class='ocrx_word' id='word_1_481' title='bbox 2146 2870 2180 2921; x_wconf 84' lang='lat' dir='ltr'><em>f</em></span> <span class='ocrx_word' id='word_1_482' title='bbox 2179 2876 2220 2909; x_wconf 83' lang='grc' dir='ltr'>ὃν</span> <span class='ocrx_word' id='word_1_483' title='bbox 2235 2871 2301 2910; x_wconf 73' lang='grc' dir='ltr'>πᾶ.</span> 
     </span>
     <span class='ocr_line' id='line_1_44' title="bbox 192 2919 2300 3028; baseline 0.002 -69"><span class='ocrx_word' id='word_1_484' title='bbox 192 2919 776 3028; x_wconf 43' lang='lat' dir='ltr'>{scildssfiml’herdmdi&#39;nfffili</span> <span class='ocrx_word' id='word_1_485' title='bbox 792 2933 869 3012; x_wconf 50' lang='grc' dir='ltr'>Ἔτὶτιιι</span> <span class='ocrx_word' id='word_1_486' title='bbox 882 2919 1254 3028; x_wconf 48' lang='lat' dir='ltr'>7lc‘f&#39;rlva39-lzun13leffffz</span> <span class='ocrx_word' id='word_1_487' title='bbox 1278 2920 1468 3016; x_wconf 53' lang='lat' dir='ltr'>Ungjlam3</span> <span class='ocrx_word' id='word_1_488' title='bbox 1494 2920 1551 3027; x_wconf 46' lang='grc' dir='ltr'>ιιῗετ</span> <span class='ocrx_word' id='word_1_489' title='bbox 1575 2919 1700 3026; x_wconf 50' lang='lat' dir='ltr'>ojksszs</span> <span class='ocrx_word' id='word_1_490' title='bbox 1723 2919 1836 2975; x_wconf 59' lang='lat' dir='ltr'>migra</span> <span class='ocrx_word' id='word_1_491' title='bbox 1861 2921 2024 2975; x_wconf 84' lang='lat' dir='ltr'>Ungrar,</span> <span class='ocrx_word' id='word_1_492' title='bbox 2040 2920 2158 2976; x_wconf 65' lang='lat' dir='ltr'>fisbm</span> <span class='ocrx_word' id='word_1_493' title='bbox 2173 2923 2300 2975; x_wconf 78' lang='lat' dir='ltr'>Johan</span> 
     </span>
    </p>

    <p class='ocr_par' dir='ltr' id='par_1_12' title="bbox 108 2985 1723 3029">
     <span class='ocr_line' id='line_1_45' title="bbox 108 2985 1723 3029; baseline 0 -16"><span class='ocrx_word' id='word_1_494' title='bbox 108 3002 136 3021; x_wconf 23' lang='lat'>0*</span> <span class='ocrx_word' id='word_1_495' title='bbox 220 2988 258 3019; x_wconf 79' lang='lat' dir='ltr'>ra</span> <span class='ocrx_word' id='word_1_496' title='bbox 282 2988 323 3014; x_wconf 77' lang='grc' dir='ltr'>ει</span> <span class='ocrx_word' id='word_1_497' title='bbox 344 2986 410 3014; x_wconf 83' lang='lat' dir='ltr'>ran</span> <span class='ocrx_word' id='word_1_498' title='bbox 463 2987 554 3027; x_wconf 58' lang='lat' dir='ltr'>apa!</span> <span class='ocrx_word' id='word_1_499' title='bbox 585 2987 644 3012; x_wconf 82' lang='lat' dir='ltr'>ocz</span> <span class='ocrx_word' id='word_1_500' title='bbox 713 2988 742 3013; x_wconf 77' lang='grc' dir='ltr'>ιε</span> <span class='ocrx_word' id='word_1_501' title='bbox 755 2988 779 3014; x_wconf 85' lang='grc' dir='ltr'>ι.</span> <span class='ocrx_word' id='word_1_502' title='bbox 869 2986 963 3012; x_wconf 68' lang='lat' dir='ltr'>amca</span> <span class='ocrx_word' id='word_1_503' title='bbox 989 2988 1002 3010; x_wconf 70' lang='grc' dir='ltr'><em>ι</em></span> <span class='ocrx_word' id='word_1_504' title='bbox 1023 2986 1089 3014; x_wconf 83' lang='lat' dir='ltr'>ran</span> <span class='ocrx_word' id='word_1_505' title='bbox 1140 2987 1178 3012; x_wconf 84' lang='lat' dir='ltr'>re</span> <span class='ocrx_word' id='word_1_506' title='bbox 1233 2987 1302 3029; x_wconf 78' lang='lat' dir='ltr'>urg</span> <span class='ocrx_word' id='word_1_507' title='bbox 1368 2987 1397 3018; x_wconf 82' lang='lat' dir='ltr'>c.</span> <span class='ocrx_word' id='word_1_508' title='bbox 1416 2987 1487 3029; x_wconf 78' lang='lat' dir='ltr'><em>ng</em></span> <span class='ocrx_word' id='word_1_509' title='bbox 1519 2985 1579 3026; x_wconf 81' lang='lat' dir='ltr'>agt</span> <span class='ocrx_word' id='word_1_510' title='bbox 1607 2987 1639 3013; x_wconf 84' lang='lat' dir='ltr'>za</span> <span class='ocrx_word' id='word_1_511' title='bbox 1662 2986 1723 3017; x_wconf 80' lang='lat' dir='ltr'>va.</span> 
     </span>
    </p>
   </div>
  </div>
 </body>
</html>
