<?xml version="1.0" encoding="UTF-8"?>
<!DOCTYPE html PUBLIC "-//W3C//DTD XHTML 1.0 Transitional//EN"
    "http://www.w3.org/TR/xhtml1/DTD/xhtml1-transitional.dtd">
<html xmlns="http://www.w3.org/1999/xhtml" xml:lang="en" lang="en">
 <head>
  <title>
</title>
<meta http-equiv="Content-Type" content="text/html;charset=utf-8" />
  <meta name='ocr-system' content='tesseract 3.04.00' />
  <meta name='ocr-capabilities' content='ocr_page ocr_carea ocr_par ocr_line ocrx_word'/>
</head>
<body>
  <div class='ocr_page' id='page_1' title='image "./johannisabihresc00ihre_0292.png"; bbox 0 0 2473 3380; ppageno 0'>
   <div class='ocr_carea' id='block_1_1' title="bbox 127 95 2326 149">
    <p class='ocr_par' dir='ltr' id='par_1_1' title="bbox 127 95 2326 149">
     <span class='ocr_line' id='line_1_1' title="bbox 127 95 2326 149; baseline 0 3231"><span class='ocrx_word' id='word_1_1' title='bbox 127 95 2326 149; x_wconf 95' lang='lat' dir='ltr'> </span> 
     </span>
    </p>
   </div>
   <div class='ocr_carea' id='block_1_2' title="bbox 134 227 2386 882">
    <p class='ocr_par' dir='ltr' id='par_1_2' title="bbox 194 227 2386 624">
     <span class='ocr_line' id='line_1_2' title="bbox 247 227 2335 291; baseline -0.003 -8"><span class='ocrx_word' id='word_1_2' title='bbox 247 232 327 289; x_wconf 84' lang='lat' dir='ltr'>ba,</span> <span class='ocrx_word' id='word_1_3' title='bbox 362 233 567 290; x_wconf 78' lang='lat' dir='ltr'>maritu33</span> <span class='ocrx_word' id='word_1_4' title='bbox 599 233 713 281; x_wconf 85' lang='lat' dir='ltr'>hanc</span> <span class='ocrx_word' id='word_1_5' title='bbox 741 234 859 279; x_wconf 89' lang='lat' dir='ltr'>enim</span> <span class='ocrx_word' id='word_1_6' title='bbox 895 231 1154 278; x_wconf 84' lang='lat' dir='ltr'>nominativi</span> <span class='ocrx_word' id='word_1_7' title='bbox 1191 247 1339 277; x_wconf 88' lang='lat' dir='ltr'>veram</span> <span class='ocrx_word' id='word_1_8' title='bbox 1382 227 1579 278; x_wconf 84' lang='lat' dir='ltr'>formam</span> <span class='ocrx_word' id='word_1_9' title='bbox 1626 233 1731 291; x_wconf 81' lang='lat' dir='ltr'>effe,</span> <span class='ocrx_word' id='word_1_10' title='bbox 1764 235 1871 282; x_wconf 89' lang='lat' dir='ltr'>dum</span> <span class='ocrx_word' id='word_1_11' title='bbox 1911 252 2000 282; x_wconf 86' lang='lat' dir='ltr'>non</span> <span class='ocrx_word' id='word_1_12' title='bbox 2044 230 2122 279; x_wconf 88' lang='lat' dir='ltr'>nifi</span> <span class='ocrx_word' id='word_1_13' title='bbox 2167 231 2335 278; x_wconf 81' lang='lat' dir='ltr'>dativus</span> 
     </span>
     <span class='ocr_line' id='line_1_3' title="bbox 282 294 2338 358; baseline -0.001 -13"><span class='ocrx_word' id='word_1_14' title='bbox 282 297 399 345; x_wconf 84' lang='lat' dir='ltr'>casus</span> <span class='ocrx_word' id='word_1_15' title='bbox 417 298 546 358; x_wconf 80' lang='lat' dir='ltr'>abin,</span> <span class='ocrx_word' id='word_1_16' title='bbox 582 299 624 346; x_wconf 73' lang='grc' dir='ltr'>ἃ</span> <span class='ocrx_word' id='word_1_17' title='bbox 643 297 823 346; x_wconf 85' lang='lat' dir='ltr'>accusat.</span> <span class='ocrx_word' id='word_1_18' title='bbox 844 295 960 345; x_wconf 79' lang='lat' dir='ltr'>aban</span> <span class='ocrx_word' id='word_1_19' title='bbox 982 299 1024 342; x_wconf 90' lang='lat' dir='ltr'>in</span> <span class='ocrx_word' id='word_1_20' title='bbox 1047 298 1195 343; x_wconf 87' lang='lat' dir='ltr'>codice</span> <span class='ocrx_word' id='word_1_21' title='bbox 1216 313 1419 357; x_wconf 81' lang='lat' dir='ltr'>argenteo</span> <span class='ocrx_word' id='word_1_22' title='bbox 1441 314 1696 357; x_wconf 84' lang='lat' dir='ltr'>occurrunt,</span> <span class='ocrx_word' id='word_1_23' title='bbox 1730 302 1948 347; x_wconf 82' lang='lat' dir='ltr'>concludo</span> <span class='ocrx_word' id='word_1_24' title='bbox 1970 319 2016 346; x_wconf 85' lang='lat' dir='ltr'>ex</span> <span class='ocrx_word' id='word_1_25' title='bbox 2043 299 2240 357; x_wconf 79' lang='lat' dir='ltr'>analogia</span> <span class='ocrx_word' id='word_1_26' title='bbox 2254 294 2338 343; x_wconf 56' lang='lat' dir='ltr'>&#39;vo-</span> 
     </span>
     <span class='ocr_line' id='line_1_4' title="bbox 198 361 2338 424; baseline -0.002 -12"><span class='ocrx_word' id='word_1_27' title='bbox 198 383 301 412; x_wconf 86' lang='lat' dir='ltr'>cum</span> <span class='ocrx_word' id='word_1_28' title='bbox 329 364 479 412; x_wconf 80' lang='lat' dir='ltr'>similis</span> <span class='ocrx_word' id='word_1_29' title='bbox 503 366 834 411; x_wconf 77' lang='lat' dir='ltr'>terminationis,</span> <span class='ocrx_word' id='word_1_30' title='bbox 865 381 891 408; x_wconf 92' lang='lat' dir='ltr'>v</span> <span class='ocrx_word' id='word_1_31' title='bbox 923 361 1091 408; x_wconf 85' lang='lat' dir='ltr'>schema</span> <span class='ocrx_word' id='word_1_32' title='bbox 1115 365 1234 411; x_wconf 83' lang='lat' dir='ltr'><strong>VIII.</strong></span> <span class='ocrx_word' id='word_1_33' title='bbox 1268 380 1315 407; x_wconf 85' lang='lat' dir='ltr'>ex</span> <span class='ocrx_word' id='word_1_34' title='bbox 1336 380 1398 423; x_wconf 86' lang='lat' dir='ltr'>gr.</span> <span class='ocrx_word' id='word_1_35' title='bbox 1418 365 1575 420; x_wconf 68' lang='lat' dir='ltr'>alima,</span> <span class='ocrx_word' id='word_1_36' title='bbox 1608 362 1799 424; x_wconf 73' lang='lat' dir='ltr'>spiritus.</span> <span class='ocrx_word' id='word_1_37' title='bbox 1835 368 2022 414; x_wconf 81' lang='lat' dir='ltr'>Genitiv,</span> <span class='ocrx_word' id='word_1_38' title='bbox 2042 361 2232 414; x_wconf 73' lang='lat' dir='ltr'>almn&#39;ns.</span> <span class='ocrx_word' id='word_1_39' title='bbox 2268 364 2338 408; x_wconf 87' lang='lat' dir='ltr'>da·</span> 
     </span>
     <span class='ocr_line' id='line_1_5' title="bbox 194 426 2386 490; baseline -0.001 -11"><span class='ocrx_word' id='word_1_40' title='bbox 194 431 457 482; x_wconf 46' lang='lat' dir='ltr'>tivaahmin.</span> <span class='ocrx_word' id='word_1_41' title='bbox 496 429 720 478; x_wconf 76' lang='lat' dir='ltr'>accusativ.</span> <span class='ocrx_word' id='word_1_42' title='bbox 742 426 924 476; x_wconf 67' lang='lat' dir='ltr'>altman.</span> <span class='ocrx_word' id='word_1_43' title='bbox 960 430 1004 473; x_wconf 89' lang='lat' dir='ltr'>Si</span> <span class='ocrx_word' id='word_1_44' title='bbox 1030 426 1280 474; x_wconf 79' lang='lat' dir='ltr'>affinitatem</span> <span class='ocrx_word' id='word_1_45' title='bbox 1304 429 1460 489; x_wconf 84' lang='lat' dir='ltr'>linguae</span> <span class='ocrx_word' id='word_1_46' title='bbox 1481 428 1640 475; x_wconf 85' lang='lat' dir='ltr'>Ebraeae</span> <span class='ocrx_word' id='word_1_47' title='bbox 1666 429 1956 488; x_wconf 77' lang='lat' dir='ltr'>consulueris,</span> <span class='ocrx_word' id='word_1_48' title='bbox 1988 432 2063 478; x_wconf 89' lang='lat' dir='ltr'>ubi</span> <span class='ocrx_word' id='word_1_49' title='bbox 2091 452 2144 485; x_wconf 63' lang='lat'>2&amp;</span> <span class='ocrx_word' id='word_1_50' title='bbox 2169 444 2340 490; x_wconf 87' lang='lat' dir='ltr'>patrem</span> <span class='ocrx_word' id='word_1_51' title='bbox 2382 474 2386 476; x_wconf 85' lang='lat'>.</span> 
     </span>
     <span class='ocr_line' id='line_1_6' title="bbox 199 490 2340 556; baseline -0.001 -11"><span class='ocrx_word' id='word_1_52' title='bbox 199 495 660 556; x_wconf 84' lang='lat' dir='ltr'>notat,Mcesogothica</span> <span class='ocrx_word' id='word_1_53' title='bbox 676 511 758 540; x_wconf 70' lang='lat' dir='ltr'>vor</span> <span class='ocrx_word' id='word_1_54' title='bbox 775 510 945 556; x_wconf 88' lang='lat' dir='ltr'>patrem</span> <span class='ocrx_word' id='word_1_55' title='bbox 967 490 1147 540; x_wconf 85' lang='lat' dir='ltr'>familiae</span> <span class='ocrx_word' id='word_1_56' title='bbox 1161 496 1346 555; x_wconf 85' lang='lat' dir='ltr'>proprie</span> <span class='ocrx_word' id='word_1_57' title='bbox 1364 495 1588 545; x_wconf 77' lang='lat' dir='ltr'>indicabit.</span> <span class='ocrx_word' id='word_1_58' title='bbox 1656 499 1862 542; x_wconf 88' lang='lat' dir='ltr'>Ceterum</span> <span class='ocrx_word' id='word_1_59' title='bbox 1874 500 2032 543; x_wconf 87' lang='lat' dir='ltr'>Fennis</span> <span class='ocrx_word' id='word_1_60' title='bbox 2046 500 2170 553; x_wconf 77' lang='lat' dir='ltr'>awie,</span> <span class='ocrx_word' id='word_1_61' title='bbox 2182 499 2340 556; x_wconf 81' lang='lat' dir='ltr'>awion,</span> 
     </span>
     <span class='ocr_line' id='line_1_7' title="bbox 198 560 779 624; baseline -0.01 -13"><span class='ocrx_word' id='word_1_62' title='bbox 198 565 432 624; x_wconf 84' lang='lat' dir='ltr'>coniugem</span> <span class='ocrx_word' id='word_1_63' title='bbox 454 576 600 607; x_wconf 81' lang='lat' dir='ltr'>notare</span> <span class='ocrx_word' id='word_1_64' title='bbox 619 560 779 610; x_wconf 80' lang='lat' dir='ltr'>video.&#39;</span> 
     </span>
    </p>

    <p class='ocr_par' dir='ltr' id='par_1_3' title="bbox 134 623 2343 882">
     <span class='ocr_line' id='line_1_8' title="bbox 134 623 2342 689; baseline -0.002 -10"><span class='ocrx_word' id='word_1_65' title='bbox 134 628 280 683; x_wconf 84' lang='lat' dir='ltr'>Abrs,</span> <span class='ocrx_word' id='word_1_66' title='bbox 315 627 484 674; x_wconf 86' lang='lat' dir='ltr'>validus</span> <span class='ocrx_word' id='word_1_67' title='bbox 502 661 513 678; x_wconf 84' lang='lat'>,</span> <span class='ocrx_word' id='word_1_68' title='bbox 544 624 699 679; x_wconf 85' lang='lat' dir='ltr'>fortis,</span> <span class='ocrx_word' id='word_1_69' title='bbox 733 643 781 673; x_wconf 90' lang='lat' dir='ltr'>ut</span> <span class='ocrx_word' id='word_1_70' title='bbox 799 623 932 680; x_wconf 87' lang='lat' dir='ltr'>sono,</span> <span class='ocrx_word' id='word_1_71' title='bbox 959 627 1016 672; x_wconf 89' lang='lat' dir='ltr'>ita</span> <span class='ocrx_word' id='word_1_72' title='bbox 1038 623 1160 672; x_wconf 86' lang='lat' dir='ltr'>sensu</span> <span class='ocrx_word' id='word_1_73' title='bbox 1180 623 1306 672; x_wconf 81' lang='lat' dir='ltr'>affine</span> <span class='ocrx_word' id='word_1_74' title='bbox 1326 624 1385 671; x_wconf 88' lang='lat' dir='ltr'>est</span> <span class='ocrx_word' id='word_1_75' title='bbox 1403 625 1559 673; x_wconf 85' lang='lat' dir='ltr'>Ebraeo</span> <span class='ocrx_word' id='word_1_76' title='bbox 1585 644 1673 675; x_wconf 59' lang='lat'>‘2⁹:18</span> <span class='ocrx_word' id='word_1_77' title='bbox 1693 626 1912 684; x_wconf 89' lang='lat' dir='ltr'>validum,</span> <span class='ocrx_word' id='word_1_78' title='bbox 1947 625 2131 680; x_wconf 87' lang='lat' dir='ltr'>fortem,</span> <span class='ocrx_word' id='word_1_79' title='bbox 2160 626 2342 689; x_wconf 84' lang='lat' dir='ltr'>perinde</span> 
     </span>
     <span class='ocr_line' id='line_1_9' title="bbox 196 690 2343 756; baseline 0 -18"><span class='ocrx_word' id='word_1_80' title='bbox 196 692 474 756; x_wconf 78' lang='lat' dir='ltr'>significanti3</span> <span class='ocrx_word' id='word_1_81' title='bbox 507 709 529 740; x_wconf 82' lang='lat' dir='ltr'><em>s</em></span> <span class='ocrx_word' id='word_1_82' title='bbox 548 710 653 739; x_wconf 81' lang='lat' dir='ltr'>vero</span> <span class='ocrx_word' id='word_1_83' title='bbox 674 693 808 751; x_wconf 89' lang='lat' dir='ltr'>illud,</span> <span class='ocrx_word' id='word_1_84' title='bbox 842 692 963 752; x_wconf 91' lang='lat' dir='ltr'>quod</span> <span class='ocrx_word' id='word_1_85' title='bbox 983 692 1036 738; x_wconf 90' lang='lat' dir='ltr'>ad</span> <span class='ocrx_word' id='word_1_86' title='bbox 1057 690 1189 738; x_wconf 83' lang='lat' dir='ltr'>finem</span> <span class='ocrx_word' id='word_1_87' title='bbox 1217 694 1336 738; x_wconf 89' lang='lat' dir='ltr'>vocis</span> <span class='ocrx_word' id='word_1_88' title='bbox 1365 691 1515 749; x_wconf 86' lang='lat' dir='ltr'>exstat,</span> <span class='ocrx_word' id='word_1_89' title='bbox 1549 709 1639 739; x_wconf 87' lang='lat' dir='ltr'>non</span> <span class='ocrx_word' id='word_1_90' title='bbox 1667 690 1919 753; x_wconf 85' lang='lat' dir='ltr'>infrequens</span> <span class='ocrx_word' id='word_1_91' title='bbox 1941 692 1999 739; x_wconf 87' lang='lat' dir='ltr'>est</span> <span class='ocrx_word' id='word_1_92' title='bbox 2026 691 2343 739; x_wconf 68' lang='lat' dir='ltr'>adieffivorum</span> 
     </span>
     <span class='ocr_line' id='line_1_10' title="bbox 198 756 2341 823; baseline -0.001 -17"><span class='ocrx_word' id='word_1_93' title='bbox 198 763 244 807; x_wconf 87' lang='lat' dir='ltr'>in</span> <span class='ocrx_word' id='word_1_94' title='bbox 267 761 414 821; x_wconf 87' lang='lat' dir='ltr'>lingua</span> <span class='ocrx_word' id='word_1_95' title='bbox 435 757 756 820; x_wconf 85' lang='lat' dir='ltr'>Mcesogothica</span> <span class='ocrx_word' id='word_1_96' title='bbox 777 759 1049 810; x_wconf 88' lang='lat' dir='ltr'>terminatio,</span> <span class='ocrx_word' id='word_1_97' title='bbox 1085 772 1133 804; x_wconf 91' lang='lat' dir='ltr'>ut</span> <span class='ocrx_word' id='word_1_98' title='bbox 1159 760 1203 803; x_wconf 92' lang='lat' dir='ltr'>in</span> <span class='ocrx_word' id='word_1_99' title='bbox 1219 774 1392 823; x_wconf 78' lang='lat' dir='ltr'>gaurs,</span> <span class='ocrx_word' id='word_1_100' title='bbox 1427 757 1580 816; x_wconf 81' lang='lat' dir='ltr'>tristis,</span> <span class='ocrx_word' id='word_1_101' title='bbox 1604 756 1750 821; x_wconf 81' lang='lat' dir='ltr'>fulls,</span> <span class='ocrx_word' id='word_1_102' title='bbox 1786 760 1965 820; x_wconf 86' lang='lat' dir='ltr'>plenus,</span> <span class='ocrx_word' id='word_1_103' title='bbox 1987 758 2116 821; x_wconf 86' lang='lat' dir='ltr'>fuls,</span> <span class='ocrx_word' id='word_1_104' title='bbox 2151 756 2341 815; x_wconf 84' lang='lat' dir='ltr'>foetidus,</span> 
     </span>
     <span class='ocr_line' id='line_1_11' title="bbox 200 821 2343 882; baseline -0.003 -6"><span class='ocrx_word' id='word_1_105' title='bbox 200 825 341 882; x_wconf 82' lang='lat' dir='ltr'>reiks,</span> <span class='ocrx_word' id='word_1_106' title='bbox 378 827 511 874; x_wconf 65' lang='lat' dir='ltr'>dives,</span> <span class='ocrx_word' id='word_1_107' title='bbox 531 826 609 875; x_wconf 75' lang='grc' dir='ltr'>ὅτε.</span> <span class='ocrx_word' id='word_1_108' title='bbox 682 828 843 871; x_wconf 87' lang='lat' dir='ltr'>Ortum</span> <span class='ocrx_word' id='word_1_109' title='bbox 873 825 975 871; x_wconf 89' lang='lat' dir='ltr'>hinc</span> <span class='ocrx_word' id='word_1_110' title='bbox 1002 821 1061 869; x_wconf 90' lang='lat' dir='ltr'>est</span> <span class='ocrx_word' id='word_1_111' title='bbox 1088 823 1345 871; x_wconf 85' lang='lat' dir='ltr'>adverbium</span> <span class='ocrx_word' id='word_1_112' title='bbox 1370 823 1565 878; x_wconf 83' lang='lat' dir='ltr'>abraba,</span> <span class='ocrx_word' id='word_1_113' title='bbox 1601 826 1746 881; x_wconf 88' lang='lat' dir='ltr'>valde,</span> <span class='ocrx_word' id='word_1_114' title='bbox 1781 824 1911 871; x_wconf 87' lang='lat' dir='ltr'>semel</span> <span class='ocrx_word' id='word_1_115' title='bbox 1939 828 2151 871; x_wconf 89' lang='lat' dir='ltr'>iterumve</span> <span class='ocrx_word' id='word_1_116' title='bbox 2180 827 2225 870; x_wconf 90' lang='lat' dir='ltr'>in</span> <span class='ocrx_word' id='word_1_117' title='bbox 2246 825 2343 876; x_wconf 79' lang='lat' dir='ltr'>cod.</span> 
     </span>
    </p>
   </div>
   <div class='ocr_carea' id='block_1_3' title="bbox 199 888 2341 1020">
    <p class='ocr_par' dir='ltr' id='par_1_4' title="bbox 199 888 2341 1020">
     <span class='ocr_line' id='line_1_12' title="bbox 200 888 2341 956; baseline -0.001 -17"><span class='ocrx_word' id='word_1_118' title='bbox 200 908 404 953; x_wconf 84' lang='lat' dir='ltr'>argenteo</span> <span class='ocrx_word' id='word_1_119' title='bbox 434 909 688 948; x_wconf 87' lang='lat' dir='ltr'>occurrens,</span> <span class='ocrx_word' id='word_1_120' title='bbox 721 892 764 938; x_wconf 70' lang='grc' dir='ltr'>ὃ(</span> <span class='ocrx_word' id='word_1_121' title='bbox 793 892 901 937; x_wconf 87' lang='lat' dir='ltr'>circa</span> <span class='ocrx_word' id='word_1_122' title='bbox 929 890 1049 950; x_wconf 91' lang='lat' dir='ltr'>quod</span> <span class='ocrx_word' id='word_1_123' title='bbox 1078 905 1250 938; x_wconf 87' lang='lat' dir='ltr'>tantum</span> <span class='ocrx_word' id='word_1_124' title='bbox 1276 906 1484 939; x_wconf 86' lang='lat' dir='ltr'>annotare</span> <span class='ocrx_word' id='word_1_125' title='bbox 1512 891 1672 955; x_wconf 82' lang='lat' dir='ltr'>velim,</span> <span class='ocrx_word' id='word_1_126' title='bbox 1705 892 1916 956; x_wconf 84' lang='lat' dir='ltr'>peculiari</span> <span class='ocrx_word' id='word_1_127' title='bbox 1942 892 2100 954; x_wconf 72' lang='lat' dir='ltr'>linguae</span> <span class='ocrx_word' id='word_1_128' title='bbox 2123 888 2341 954; x_wconf 81' lang='lat' dir='ltr'>Moesogo·</span> 
     </span>
     <span class='ocr_line' id='line_1_13' title="bbox 199 955 1243 1020; baseline 0 -15"><span class='ocrx_word' id='word_1_129' title='bbox 199 959 323 1006; x_wconf 82' lang='lat' dir='ltr'>thicae</span> <span class='ocrx_word' id='word_1_130' title='bbox 343 960 499 1019; x_wconf 86' lang='lat' dir='ltr'>genio,</span> <span class='ocrx_word' id='word_1_131' title='bbox 531 958 734 1005; x_wconf 84' lang='lat' dir='ltr'>adverbia</span> <span class='ocrx_word' id='word_1_132' title='bbox 751 960 795 1003; x_wconf 90' lang='lat' dir='ltr'>in</span> <span class='ocrx_word' id='word_1_133' title='bbox 813 955 871 1004; x_wconf 84' lang='lat' dir='ltr'>ba</span> <span class='ocrx_word' id='word_1_134' title='bbox 894 957 1143 1020; x_wconf 83' lang='lat' dir='ltr'>terminari,</span> <span class='ocrx_word' id='word_1_135' title='bbox 1173 972 1243 1005; x_wconf 90' lang='lat' dir='ltr'>ut:</span> 
     </span>
    </p>
   </div>
   <div class='ocr_carea' id='block_1_4' title="bbox 259 1040 1740 2100">
    <p class='ocr_par' dir='ltr' id='par_1_5' title="bbox 259 1040 1740 2100">
     <span class='ocr_line' id='line_1_14' title="bbox 266 1040 1077 1110; baseline -0.002 -16"><span class='ocrx_word' id='word_1_136' title='bbox 266 1042 568 1110; x_wconf 81' lang='lat' dir='ltr'>Andaugiba,</span> <span class='ocrx_word' id='word_1_137' title='bbox 599 1044 768 1106; x_wconf 88' lang='lat' dir='ltr'>palam,</span> <span class='ocrx_word' id='word_1_138' title='bbox 799 1040 910 1108; x_wconf 79' lang='lat' dir='ltr'>Joh.</span> <span class='ocrx_word' id='word_1_139' title='bbox 932 1057 977 1101; x_wconf 82' lang='lat'>7,</span> <span class='ocrx_word' id='word_1_140' title='bbox 996 1048 1077 1092; x_wconf 72' lang='lat'>26.</span> 
     </span>
     <span class='ocr_line' id='line_1_15' title="bbox 267 1108 1052 1174; baseline -0.006 -15"><span class='ocrx_word' id='word_1_141' title='bbox 267 1111 476 1174; x_wconf 81' lang='lat' dir='ltr'>Agluba‚</span> <span class='ocrx_word' id='word_1_142' title='bbox 510 1108 712 1166; x_wconf 86' lang='lat' dir='ltr'>difficile,</span> <span class='ocrx_word' id='word_1_143' title='bbox 751 1111 855 1157; x_wconf 84' lang='lat' dir='ltr'>Luc.</span> <span class='ocrx_word' id='word_1_144' title='bbox 883 1117 955 1164; x_wconf 81' lang='lat'>¹8,</span> <span class='ocrx_word' id='word_1_145' title='bbox 975 1123 1052 1169; x_wconf 87' lang='lat'>24.</span> 
     </span>
     <span class='ocr_line' id='line_1_16' title="bbox 263 1171 1166 1240; baseline -0.001 -15"><span class='ocrx_word' id='word_1_146' title='bbox 263 1175 616 1240; x_wconf 76' lang='lat' dir='ltr'>Analaugniba,</span> <span class='ocrx_word' id='word_1_147' title='bbox 647 1175 837 1232; x_wconf 89' lang='lat' dir='ltr'>occulte,</span> <span class='ocrx_word' id='word_1_148' title='bbox 870 1171 985 1240; x_wconf 79' lang='lat' dir='ltr'>Joh.</span> <span class='ocrx_word' id='word_1_149' title='bbox 1010 1189 1057 1238; x_wconf 86' lang='lat'>7,</span> <span class='ocrx_word' id='word_1_150' title='bbox 1091 1187 1166 1224; x_wconf 89' lang='lat'>10.</span> 
     </span>
     <span class='ocr_line' id='line_1_17' title="bbox 265 1241 1044 1303; baseline -0.004 -11"><span class='ocrx_word' id='word_1_151' title='bbox 265 1241 471 1303; x_wconf 85' lang='lat' dir='ltr'>Armba,</span> <span class='ocrx_word' id='word_1_152' title='bbox 506 1258 654 1303; x_wconf 85' lang='lat' dir='ltr'>caute,</span> <span class='ocrx_word' id='word_1_153' title='bbox 689 1243 843 1291; x_wconf 81' lang='lat' dir='ltr'>Marc.</span> <span class='ocrx_word' id='word_1_154' title='bbox 872 1256 944 1302; x_wconf 85' lang='lat'>14,</span> <span class='ocrx_word' id='word_1_155' title='bbox 962 1256 1044 1301; x_wconf 73' lang='lat'>44·</span> 
     </span>
     <span class='ocr_line' id='line_1_18' title="bbox 263 1307 1183 1367; baseline -0.005 -9"><span class='ocrx_word' id='word_1_156' title='bbox 263 1308 547 1366; x_wconf 75' lang='lat' dir='ltr'>Bairlztaba,</span> <span class='ocrx_word' id='word_1_157' title='bbox 581 1307 829 1366; x_wconf 68' lang='lat' dir='ltr'>manifeste,</span> <span class='ocrx_word' id='word_1_158' title='bbox 862 1309 1019 1356; x_wconf 77' lang='lat' dir='ltr'>Marc.</span> <span class='ocrx_word' id='word_1_159' title='bbox 1044 1314 1086 1364; x_wconf 88' lang='lat'>8,</span> <span class='ocrx_word' id='word_1_160' title='bbox 1105 1320 1183 1367; x_wconf 86' lang='lat'>25.</span> 
     </span>
     <span class='ocr_line' id='line_1_19' title="bbox 261 1372 1302 1439; baseline 0.002 -19"><span class='ocrx_word' id='word_1_161' title='bbox 261 1373 518 1433; x_wconf 71' lang='lat' dir='ltr'>Balthaba,</span> <span class='ocrx_word' id='word_1_162' title='bbox 552 1374 777 1432; x_wconf 67' lang='lat' dir='ltr'>audaCter,</span> <span class='ocrx_word' id='word_1_163' title='bbox 811 1390 981 1436; x_wconf 86' lang='lat' dir='ltr'>aperte,</span> <span class='ocrx_word' id='word_1_164' title='bbox 1014 1372 1126 1438; x_wconf 84' lang='lat' dir='ltr'>Jolz.</span> <span class='ocrx_word' id='word_1_165' title='bbox 1150 1388 1194 1434; x_wconf 89' lang='lat'>7,</span> <span class='ocrx_word' id='word_1_166' title='bbox 1224 1387 1302 1439; x_wconf 74' lang='lat'>13.</span> 
     </span>
     <span class='ocr_line' id='line_1_20' title="bbox 266 1440 1126 1504; baseline -0.002 -13"><span class='ocrx_word' id='word_1_167' title='bbox 266 1442 516 1499; x_wconf 74' lang='lat' dir='ltr'>Bam-aba,</span> <span class='ocrx_word' id='word_1_168' title='bbox 549 1441 718 1494; x_wconf 78' lang='lat' dir='ltr'>acerbe,</span> <span class='ocrx_word' id='word_1_169' title='bbox 753 1440 924 1491; x_wconf 79' lang='lat' dir='ltr'>Matth.</span> <span class='ocrx_word' id='word_1_170' title='bbox 947 1447 1024 1496; x_wconf 88' lang='lat'>26,</span> <span class='ocrx_word' id='word_1_171' title='bbox 1044 1457 1126 1504; x_wconf 82' lang='lat'>75.</span> 
     </span>
     <span class='ocr_line' id='line_1_21' title="bbox 267 1503 1740 1576; baseline 0 -21"><span class='ocrx_word' id='word_1_172' title='bbox 267 1508 580 1576; x_wconf 62' lang='lat' dir='ltr'>GMggwuba,</span> <span class='ocrx_word' id='word_1_173' title='bbox 613 1524 829 1565; x_wconf 87' lang='lat' dir='ltr'>accurate,</span> <span class='ocrx_word' id='word_1_174' title='bbox 867 1509 978 1555; x_wconf 83' lang='lat' dir='ltr'>Luc.</span> <span class='ocrx_word' id='word_1_175' title='bbox 1003 1522 1041 1564; x_wconf 86' lang='lat'>1,</span> <span class='ocrx_word' id='word_1_176' title='bbox 1063 1522 1106 1570; x_wconf 88' lang='lat'>3.</span> <span class='ocrx_word' id='word_1_177' title='bbox 1140 1506 1182 1554; x_wconf 73' lang='grc' dir='ltr'>ἃ</span> <span class='ocrx_word' id='word_1_178' title='bbox 1200 1505 1254 1554; x_wconf 88' lang='lat' dir='ltr'>fic</span> <span class='ocrx_word' id='word_1_179' title='bbox 1274 1503 1420 1556; x_wconf 83' lang='lat' dir='ltr'>forsan</span> <span class='ocrx_word' id='word_1_180' title='bbox 1441 1523 1535 1569; x_wconf 87' lang='lat' dir='ltr'>cap.</span> <span class='ocrx_word' id='word_1_181' title='bbox 1563 1521 1605 1568; x_wconf 72' lang='grc' dir='ltr'>ς.</span> <span class='ocrx_word' id='word_1_182' title='bbox 1624 1523 1667 1559; x_wconf 83' lang='lat' dir='ltr'>v.</span> <span class='ocrx_word' id='word_1_183' title='bbox 1692 1515 1740 1565; x_wconf 82' lang='grc'>8.</span> 
     </span>
     <span class='ocr_line' id='line_1_22' title="bbox 271 1574 1208 1639; baseline -0.002 -16"><span class='ocrx_word' id='word_1_184' title='bbox 271 1576 601 1639; x_wconf 78' lang='lat' dir='ltr'>Gabazerjaba‚</span> <span class='ocrx_word' id='word_1_185' title='bbox 638 1574 842 1631; x_wconf 82' lang='lat' dir='ltr'>libenter,</span> <span class='ocrx_word' id='word_1_186' title='bbox 879 1576 1033 1624; x_wconf 70' lang='lat' dir='ltr'>Marc.</span> <span class='ocrx_word' id='word_1_187' title='bbox 1061 1581 1103 1628; x_wconf 91' lang='lat'>6,</span> <span class='ocrx_word' id='word_1_188' title='bbox 1126 1589 1208 1623; x_wconf 74' lang='lat'>20.</span> 
     </span>
     <span class='ocr_line' id='line_1_23' title="bbox 264 1642 1215 1703; baseline -0.002 -13"><span class='ocrx_word' id='word_1_189' title='bbox 264 1642 511 1699; x_wconf 74' lang='lat' dir='ltr'>Galilaba,</span> <span class='ocrx_word' id='word_1_190' title='bbox 547 1656 824 1703; x_wconf 87' lang='lat' dir='ltr'>opportune,</span> <span class='ocrx_word' id='word_1_191' title='bbox 858 1643 1015 1689; x_wconf 83' lang='lat' dir='ltr'>Marc.</span> <span class='ocrx_word' id='word_1_192' title='bbox 1044 1655 1115 1702; x_wconf 86' lang='lat'>14,</span> <span class='ocrx_word' id='word_1_193' title='bbox 1140 1654 1215 1689; x_wconf 70' lang='grc' dir='ltr'>ΙΙ.</span> 
     </span>
     <span class='ocr_line' id='line_1_24' title="bbox 259 1707 1183 1769; baseline -0.001 -12"><span class='ocrx_word' id='word_1_194' title='bbox 259 1707 500 1765; x_wconf 74' lang='lat' dir='ltr'>Frodaba,</span> <span class='ocrx_word' id='word_1_195' title='bbox 522 1708 798 1769; x_wconf 76' lang='lat' dir='ltr'>prudenter,</span> <span class='ocrx_word' id='word_1_196' title='bbox 829 1709 983 1759; x_wconf 82' lang='lat' dir='ltr'>Marc.</span> <span class='ocrx_word' id='word_1_197' title='bbox 1006 1722 1080 1764; x_wconf 87' lang='lat'>12,</span> <span class='ocrx_word' id='word_1_198' title='bbox 1104 1722 1183 1769; x_wconf 79' lang='lat'>34.</span> 
     </span>
     <span class='ocr_line' id='line_1_25' title="bbox 265 1772 1106 1833; baseline 0 -11"><span class='ocrx_word' id='word_1_199' title='bbox 265 1775 521 1829; x_wconf 80' lang='lat' dir='ltr'>Harduba,</span> <span class='ocrx_word' id='word_1_200' title='bbox 556 1774 763 1833; x_wconf 82' lang='lat' dir='ltr'>graviter,</span> <span class='ocrx_word' id='word_1_201' title='bbox 795 1772 968 1821; x_wconf 76' lang='lat' dir='ltr'>Matth.</span> <span class='ocrx_word' id='word_1_202' title='bbox 996 1783 1036 1828; x_wconf 83' lang='lat'>8,</span> <span class='ocrx_word' id='word_1_203' title='bbox 1059 1781 1106 1822; x_wconf 75' lang='lat'>6.</span> 
     </span>
     <span class='ocr_line' id='line_1_26' title="bbox 265 1837 1040 1895; baseline -0.001 -8"><span class='ocrx_word' id='word_1_204' title='bbox 265 1837 523 1893; x_wconf 50' lang='lat' dir='ltr'>Rashzaba,</span> <span class='ocrx_word' id='word_1_205' title='bbox 557 1837 691 1891; x_wconf 64' lang='lat' dir='ltr'>reete,</span> <span class='ocrx_word' id='word_1_206' title='bbox 726 1841 839 1886; x_wconf 85' lang='lat' dir='ltr'>Luc.</span> <span class='ocrx_word' id='word_1_207' title='bbox 863 1855 939 1895; x_wconf 81' lang='lat'>20,</span> <span class='ocrx_word' id='word_1_208' title='bbox 962 1854 1040 1886; x_wconf 85' lang='lat'>21.</span> 
     </span>
     <span class='ocr_line' id='line_1_27' title="bbox 262 1902 1240 1969; baseline -0.002 -14"><span class='ocrx_word' id='word_1_209' title='bbox 262 1905 612 1959; x_wconf 73' lang='lat' dir='ltr'>ch&#39;kunthaba,</span> <span class='ocrx_word' id='word_1_210' title='bbox 646 1902 895 1965; x_wconf 89' lang='lat' dir='ltr'>perspicue,</span> <span class='ocrx_word' id='word_1_211' title='bbox 929 1904 1041 1969; x_wconf 79' lang='lat' dir='ltr'>Jolz.</span> <span class='ocrx_word' id='word_1_212' title='bbox 1067 1922 1084 1951; x_wconf 74' lang='grc' dir='ltr'><strong>ι</strong></span> <span class='ocrx_word' id='word_1_213' title='bbox 1101 1921 1139 1963; x_wconf 85' lang='lat'>1,</span> <span class='ocrx_word' id='word_1_214' title='bbox 1164 1919 1240 1968; x_wconf 72' lang='lat'>14.</span> 
     </span>
     <span class='ocr_line' id='line_1_28' title="bbox 269 1970 1064 2037; baseline 0.001 -20"><span class='ocrx_word' id='word_1_215' title='bbox 269 1970 568 2037; x_wconf 76' lang='lat' dir='ltr'>Triggwaba‚</span> <span class='ocrx_word' id='word_1_216' title='bbox 604 1986 744 2026; x_wconf 81' lang='lat' dir='ltr'>certe,</span> <span class='ocrx_word' id='word_1_217' title='bbox 778 1971 888 2023; x_wconf 85' lang='lat' dir='ltr'>Luc.</span> <span class='ocrx_word' id='word_1_218' title='bbox 912 1987 988 2028; x_wconf 87' lang='lat'>20,</span> <span class='ocrx_word' id='word_1_219' title='bbox 1020 1977 1064 2018; x_wconf 83' lang='lat'>6.</span> 
     </span>
     <span class='ocr_line' id='line_1_29' title="bbox 267 2036 1014 2100; baseline -0.012 -10"><span class='ocrx_word' id='word_1_220' title='bbox 267 2038 489 2093; x_wconf 68' lang='lat' dir='ltr'>Ubilaha,</span> <span class='ocrx_word' id='word_1_221' title='bbox 526 2036 660 2094; x_wconf 87' lang='lat' dir='ltr'>male,</span> <span class='ocrx_word' id='word_1_222' title='bbox 695 2038 846 2086; x_wconf 76' lang='lat' dir='ltr'>Marc⁴</span> <span class='ocrx_word' id='word_1_223' title='bbox 872 2054 917 2095; x_wconf 86' lang='lat'>2,</span> <span class='ocrx_word' id='word_1_224' title='bbox 943 2053 1014 2100; x_wconf 91' lang='lat'>17.</span> 
     </span>
    </p>
   </div>
   <div class='ocr_carea' id='block_1_5' title="bbox 123 2120 2343 2964">
    <p class='ocr_par' dir='ltr' id='par_1_6' title="bbox 130 2120 2343 2785">
     <span class='ocr_line' id='line_1_30' title="bbox 130 2120 2341 2187; baseline 0.001 -18"><span class='ocrx_word' id='word_1_225' title='bbox 130 2125 397 2186; x_wconf 77' lang='lat' dir='ltr'>Diligentius</span> <span class='ocrx_word' id='word_1_226' title='bbox 422 2124 511 2170; x_wconf 86' lang='lat' dir='ltr'>haec</span> <span class='ocrx_word' id='word_1_227' title='bbox 529 2140 728 2187; x_wconf 85' lang='lat' dir='ltr'>annotata</span> <span class='ocrx_word' id='word_1_228' title='bbox 760 2123 840 2171; x_wconf 81' lang='lat' dir='ltr'>effe</span> <span class='ocrx_word' id='word_1_229' title='bbox 859 2128 892 2171; x_wconf 85' lang='lat' dir='ltr'><strong>B</strong></span> <span class='ocrx_word' id='word_1_230' title='bbox 927 2129 980 2174; x_wconf 85' lang='lat' dir='ltr'>L.</span> <span class='ocrx_word' id='word_1_231' title='bbox 1011 2124 1189 2186; x_wconf 83' lang='lat' dir='ltr'>indigne</span> <span class='ocrx_word' id='word_1_232' title='bbox 1219 2141 1307 2171; x_wconf 91' lang='lat' dir='ltr'>non</span> <span class='ocrx_word' id='word_1_233' title='bbox 1331 2120 1463 2182; x_wconf 83' lang='lat' dir='ltr'>feret,</span> <span class='ocrx_word' id='word_1_234' title='bbox 1496 2125 1574 2184; x_wconf 89' lang='lat' dir='ltr'>qui</span> <span class='ocrx_word' id='word_1_235' title='bbox 1604 2121 1733 2171; x_wconf 86' lang='lat' dir='ltr'>fimul</span> <span class='ocrx_word' id='word_1_236' title='bbox 1757 2121 2064 2182; x_wconf 81' lang='lat' dir='ltr'>observaverit,</span> <span class='ocrx_word' id='word_1_237' title='bbox 2100 2124 2229 2171; x_wconf 83' lang='lat' dir='ltr'>etiam</span> <span class='ocrx_word' id='word_1_238' title='bbox 2252 2124 2341 2171; x_wconf 91' lang='lat' dir='ltr'>hoc</span> 
     </span>
     <span class='ocr_line' id='line_1_31' title="bbox 196 2189 2341 2252; baseline 0 -15"><span class='ocrx_word' id='word_1_239' title='bbox 196 2193 242 2237; x_wconf 89' lang='lat' dir='ltr'>in</span> <span class='ocrx_word' id='word_1_240' title='bbox 263 2189 430 2252; x_wconf 59' lang='lat' dir='ltr'>punfilo</span> <span class='ocrx_word' id='word_1_241' title='bbox 453 2206 478 2238; x_wconf 83' lang='lat' dir='ltr'>a</span> <span class='ocrx_word' id='word_1_242' title='bbox 499 2191 644 2251; x_wconf 86' lang='lat' dir='ltr'>lingua</span> <span class='ocrx_word' id='word_1_243' title='bbox 672 2194 877 2238; x_wconf 84' lang='lat' dir='ltr'>Francica</span> <span class='ocrx_word' id='word_1_244' title='bbox 898 2191 1028 2238; x_wconf 87' lang='lat' dir='ltr'>nostri</span> <span class='ocrx_word' id='word_1_245' title='bbox 1051 2193 1211 2238; x_wconf 87' lang='lat' dir='ltr'>codicis</span> <span class='ocrx_word' id='word_1_246' title='bbox 1232 2192 1396 2238; x_wconf 81' lang='lat' dir='ltr'>idioma</span> <span class='ocrx_word' id='word_1_247' title='bbox 1416 2189 1740 2237; x_wconf 60' lang='lat' dir='ltr'>diversissimum</span> <span class='ocrx_word' id='word_1_248' title='bbox 1765 2190 1870 2249; x_wconf 84' lang='lat' dir='ltr'>esse,</span> <span class='ocrx_word' id='word_1_249' title='bbox 1901 2192 1945 2236; x_wconf 87' lang='lat' dir='ltr'>in</span> <span class='ocrx_word' id='word_1_250' title='bbox 1963 2208 2047 2250; x_wconf 86' lang='lat' dir='ltr'>qua</span> <span class='ocrx_word' id='word_1_251' title='bbox 2066 2193 2234 2252; x_wconf 88' lang='lat' dir='ltr'>quippe</span> <span class='ocrx_word' id='word_1_252' title='bbox 2251 2192 2341 2237; x_wconf 81' lang='lat' dir='ltr'>haec</span> 
     </span>
     <span class='ocr_line' id='line_1_32' title="bbox 195 2252 2343 2306; baseline 0 -2"><span class='ocrx_word' id='word_1_253' title='bbox 195 2258 504 2304; x_wconf 79' lang='lat' dir='ltr'>adverbiorum</span> <span class='ocrx_word' id='word_1_254' title='bbox 530 2259 778 2304; x_wconf 84' lang='lat' dir='ltr'>terminatio</span> <span class='ocrx_word' id='word_1_255' title='bbox 798 2260 866 2304; x_wconf 91' lang='lat' dir='ltr'>vix</span> <span class='ocrx_word' id='word_1_256' title='bbox 887 2260 1146 2306; x_wconf 83' lang='lat' dir='ltr'>invenietur.</span> <span class='ocrx_word' id='word_1_257' title='bbox 1217 2257 1284 2304; x_wconf 89' lang='lat' dir='ltr'>Ab</span> <span class='ocrx_word' id='word_1_258' title='bbox 1304 2258 1454 2304; x_wconf 86' lang='lat' dir='ltr'>eadem</span> <span class='ocrx_word' id='word_1_259' title='bbox 1473 2258 1553 2303; x_wconf 90' lang='lat' dir='ltr'>hac</span> <span class='ocrx_word' id='word_1_260' title='bbox 1572 2258 1714 2303; x_wconf 83' lang='lat' dir='ltr'>radice</span> <span class='ocrx_word' id='word_1_261' title='bbox 1734 2273 1880 2303; x_wconf 89' lang='lat' dir='ltr'>ortum</span> <span class='ocrx_word' id='word_1_262' title='bbox 1901 2252 2016 2304; x_wconf 83' lang='lat' dir='ltr'>forte</span> <span class='ocrx_word' id='word_1_263' title='bbox 2037 2257 2155 2302; x_wconf 90' lang='lat' dir='ltr'>ducit</span> <span class='ocrx_word' id='word_1_264' title='bbox 2175 2258 2343 2306; x_wconf 77' lang='lat' dir='ltr'>biabri-</span> 
     </span>
     <span class='ocr_line' id='line_1_33' title="bbox 191 2320 2340 2385; baseline -0.001 -13"><span class='ocrx_word' id='word_1_265' title='bbox 191 2324 360 2377; x_wconf 72' lang='lat' dir='ltr'>dedun,</span> <span class='ocrx_word' id='word_1_266' title='bbox 395 2323 516 2384; x_wconf 87' lang='lat' dir='ltr'>quod</span> <span class='ocrx_word' id='word_1_267' title='bbox 537 2322 708 2372; x_wconf 74' lang='lat' dir='ltr'>Mattlz.</span> <span class='ocrx_word' id='word_1_268' title='bbox 731 2339 776 2383; x_wconf 89' lang='lat'>7,</span> <span class='ocrx_word' id='word_1_269' title='bbox 800 2333 877 2380; x_wconf 79' lang='lat'>28.</span> <span class='ocrx_word' id='word_1_270' title='bbox 906 2340 1026 2371; x_wconf 86' lang='lat' dir='ltr'>notat</span> <span class='ocrx_word' id='word_1_271' title='bbox 1054 2323 1394 2385; x_wconf 84' lang='lat' dir='ltr'>obstupuerunt,</span> <span class='ocrx_word' id='word_1_272' title='bbox 1431 2341 1568 2382; x_wconf 86' lang='lat' dir='ltr'>quum</span> <span class='ocrx_word' id='word_1_273' title='bbox 1600 2341 1696 2384; x_wconf 84' lang='lat' dir='ltr'>quae</span> <span class='ocrx_word' id='word_1_274' title='bbox 1718 2338 1874 2383; x_wconf 85' lang='lat' dir='ltr'>magna</span> <span class='ocrx_word' id='word_1_275' title='bbox 1901 2323 1942 2369; x_wconf 72' lang='grc' dir='ltr'>ὃ(</span> <span class='ocrx_word' id='word_1_276' title='bbox 1968 2323 2108 2368; x_wconf 85' lang='lat' dir='ltr'>valida</span> <span class='ocrx_word' id='word_1_277' title='bbox 2136 2320 2255 2380; x_wconf 68' lang='lat' dir='ltr'>sunt,</span> <span class='ocrx_word' id='word_1_278' title='bbox 2293 2325 2340 2370; x_wconf 86' lang='lat' dir='ltr'>in</span> 
     </span>
     <span class='ocr_line' id='line_1_34' title="bbox 190 2386 2342 2452; baseline 0 -16"><span class='ocrx_word' id='word_1_279' title='bbox 190 2390 524 2438; x_wconf 82' lang='lat' dir='ltr'>admirationem</span> <span class='ocrx_word' id='word_1_280' title='bbox 545 2392 740 2436; x_wconf 86' lang='lat' dir='ltr'>animum</span> <span class='ocrx_word' id='word_1_281' title='bbox 762 2388 853 2436; x_wconf 89' lang='lat' dir='ltr'>fere</span> <span class='ocrx_word' id='word_1_282' title='bbox 876 2394 1057 2452; x_wconf 81' lang='lat' dir='ltr'>rapiant.</span> <span class='ocrx_word' id='word_1_283' title='bbox 1129 2394 1196 2436; x_wconf 89' lang='lat' dir='ltr'>Sic</span> <span class='ocrx_word' id='word_1_284' title='bbox 1218 2393 1357 2436; x_wconf 89' lang='lat' dir='ltr'>mirus</span> <span class='ocrx_word' id='word_1_285' title='bbox 1377 2390 1418 2435; x_wconf 74' lang='grc' dir='ltr'>ἃ</span> <span class='ocrx_word' id='word_1_286' title='bbox 1437 2387 1646 2435; x_wconf 84' lang='lat' dir='ltr'>mirificus</span> <span class='ocrx_word' id='word_1_287' title='bbox 1660 2389 1777 2449; x_wconf 86' lang='lat' dir='ltr'>apud</span> <span class='ocrx_word' id='word_1_288' title='bbox 1796 2391 1966 2441; x_wconf 79' lang='lat' dir='ltr'>latinos,</span> <span class='ocrx_word' id='word_1_289' title='bbox 1981 2405 2064 2449; x_wconf 88' lang='lat' dir='ltr'>pro</span> <span class='ocrx_word' id='word_1_290' title='bbox 2078 2389 2228 2449; x_wconf 85' lang='lat' dir='ltr'>grandi</span> <span class='ocrx_word' id='word_1_291' title='bbox 2249 2386 2342 2436; x_wconf 85' lang='lat' dir='ltr'>fere</span> 
     </span>
     <span class='ocr_line' id='line_1_35' title="bbox 191 2453 2340 2518; baseline -0.005 -16"><span class='ocrx_word' id='word_1_292' title='bbox 191 2453 455 2517; x_wconf 78' lang='lat' dir='ltr'>usurpatur.‘</span> <span class='ocrx_word' id='word_1_293' title='bbox 511 2463 576 2502; x_wconf 88' lang='lat' dir='ltr'>An</span> <span class='ocrx_word' id='word_1_294' title='bbox 595 2464 700 2518; x_wconf 65' lang='grc' dir='ltr'>,ῐβςίς</span> <span class='ocrx_word' id='word_1_295' title='bbox 726 2460 842 2518; x_wconf 83' lang='lat' dir='ltr'>apud</span> <span class='ocrx_word' id='word_1_296' title='bbox 863 2458 1038 2503; x_wconf 80' lang='lat' dir='ltr'>Graecos</span> <span class='ocrx_word' id='word_1_297' title='bbox 1066 2458 1110 2501; x_wconf 86' lang='lat' dir='ltr'>in</span> <span class='ocrx_word' id='word_1_298' title='bbox 1136 2464 1237 2517; x_wconf 58' lang='grc' dir='ltr'>«73ςοί</span> <span class='ocrx_word' id='word_1_299' title='bbox 1255 2471 1378 2508; x_wconf 60' lang='grc' dir='ltr'>βαίνειν</span> <span class='ocrx_word' id='word_1_300' title='bbox 1409 2455 1625 2511; x_wconf 87' lang='lat' dir='ltr'>validum,</span> <span class='ocrx_word' id='word_1_301' title='bbox 1660 2454 2030 2515; x_wconf 81' lang='lat' dir='ltr'>magnificumque</span> <span class='ocrx_word' id='word_1_302' title='bbox 2060 2456 2179 2515; x_wconf 90' lang='lat' dir='ltr'>apud</span> <span class='ocrx_word' id='word_1_303' title='bbox 2199 2456 2340 2503; x_wconf 79' lang='lat' dir='ltr'>Euri-</span> 
     </span>
     <span class='ocr_line' id='line_1_36' title="bbox 187 2518 2339 2586; baseline -0.001 -16"><span class='ocrx_word' id='word_1_304' title='bbox 187 2525 340 2586; x_wconf 82' lang='lat' dir='ltr'>pidem</span> <span class='ocrx_word' id='word_1_305' title='bbox 362 2525 405 2568; x_wconf 86' lang='lat' dir='ltr'>in</span> <span class='ocrx_word' id='word_1_306' title='bbox 426 2523 613 2576; x_wconf 59' lang='lat' dir='ltr'>HIedea,</span> <span class='ocrx_word' id='word_1_307' title='bbox 647 2523 860 2582; x_wconf 77' lang='lat' dir='ltr'>alibique,</span> <span class='ocrx_word' id='word_1_308' title='bbox 898 2525 1083 2577; x_wconf 65' lang='lat' dir='ltr'>denotet,</span> <span class='ocrx_word' id='word_1_309' title='bbox 1115 2524 1300 2580; x_wconf 81' lang='lat' dir='ltr'>disquiri</span> <span class='ocrx_word' id='word_1_310' title='bbox 1323 2520 1486 2566; x_wconf 79' lang='lat' dir='ltr'>videbis</span> <span class='ocrx_word' id='word_1_311' title='bbox 1506 2521 1622 2581; x_wconf 84' lang='lat' dir='ltr'>apud</span> <span class='ocrx_word' id='word_1_312' title='bbox 1642 2522 1706 2569; x_wconf 88' lang='lat' dir='ltr'>H.</span> <span class='ocrx_word' id='word_1_313' title='bbox 1728 2519 1882 2586; x_wconf 65' lang='lat' dir='ltr'>bieplz.</span> <span class='ocrx_word' id='word_1_314' title='bbox 1903 2523 1946 2566; x_wconf 90' lang='lat' dir='ltr'>in</span> <span class='ocrx_word' id='word_1_315' title='bbox 1967 2518 2070 2568; x_wconf 82' lang='lat' dir='ltr'>thes.</span> <span class='ocrx_word' id='word_1_316' title='bbox 2092 2523 2195 2582; x_wconf 84' lang='lat' dir='ltr'>ling.</span> <span class='ocrx_word' id='word_1_317' title='bbox 2220 2524 2339 2568; x_wconf 85' lang='lat' dir='ltr'>Grae-</span> 
     </span>
     <span class='ocr_line' id='line_1_37' title="bbox 190 2587 2337 2649; baseline -0 -14"><span class='ocrx_word' id='word_1_318' title='bbox 190 2605 264 2636; x_wconf 82' lang='lat' dir='ltr'>cae.</span> <span class='ocrx_word' id='word_1_319' title='bbox 335 2589 466 2649; x_wconf 83' lang='lat' dir='ltr'>Apud</span> <span class='ocrx_word' id='word_1_320' title='bbox 489 2589 664 2634; x_wconf 86' lang='lat' dir='ltr'>Suidam</span> <span class='ocrx_word' id='word_1_321' title='bbox 686 2595 789 2647; x_wconf 67' lang='grc' dir='ltr'><em>οῐβςδν</em></span> <span class='ocrx_word' id='word_1_322' title='bbox 809 2607 887 2649; x_wconf 87' lang='lat' dir='ltr'>per</span> <span class='ocrx_word' id='word_1_323' title='bbox 905 2597 1011 2636; x_wconf 62' lang='grc' dir='ltr'>καλὼ</span> <span class='ocrx_word' id='word_1_324' title='bbox 1030 2589 1280 2649; x_wconf 74' lang='lat' dir='ltr'>explicatur,</span> <span class='ocrx_word' id='word_1_325' title='bbox 1351 2590 1568 2632; x_wconf 88' lang='lat' dir='ltr'>Omnium</span> <span class='ocrx_word' id='word_1_326' title='bbox 1590 2604 1692 2633; x_wconf 89' lang='lat' dir='ltr'>vero</span> <span class='ocrx_word' id='word_1_327' title='bbox 1713 2590 1913 2647; x_wconf 73' lang='lat' dir='ltr'>proxime</span> <span class='ocrx_word' id='word_1_328' title='bbox 1935 2587 2095 2633; x_wconf 82' lang='lat' dir='ltr'>accedit</span> <span class='ocrx_word' id='word_1_329' title='bbox 2120 2592 2191 2636; x_wconf 74' lang='lat' dir='ltr'>Fr.</span> <span class='ocrx_word' id='word_1_330' title='bbox 2213 2587 2337 2645; x_wconf 85' lang='lat' dir='ltr'>bora,</span> 
     </span>
     <span class='ocr_line' id='line_1_38' title="bbox 188 2650 2335 2718; baseline 0.001 -18"><span class='ocrx_word' id='word_1_331' title='bbox 188 2654 309 2713; x_wconf 85' lang='lat' dir='ltr'>quod</span> <span class='ocrx_word' id='word_1_332' title='bbox 331 2655 450 2715; x_wconf 87' lang='lat' dir='ltr'>apud</span> <span class='ocrx_word' id='word_1_333' title='bbox 471 2651 698 2700; x_wconf 86' lang='lat' dir='ltr'>Otfridum</span> <span class='ocrx_word' id='word_1_334' title='bbox 722 2655 818 2702; x_wconf 86' lang='lat' dir='ltr'>Lib.</span> <span class='ocrx_word' id='word_1_335' title='bbox 841 2659 891 2703; x_wconf 91' lang='grc' dir='ltr'>ΙΙ.</span> <span class='ocrx_word' id='word_1_336' title='bbox 920 2673 952 2702; x_wconf 91' lang='lat' dir='ltr'>c.</span> <span class='ocrx_word' id='word_1_337' title='bbox 973 2658 1049 2702; x_wconf 86' lang='lat'><em>111.</em></span> <span class='ocrx_word' id='word_1_338' title='bbox 1073 2669 1147 2714; x_wconf 65' lang='lat'>25·</span> <span class='ocrx_word' id='word_1_339' title='bbox 1167 2655 1356 2699; x_wconf 87' lang='lat' dir='ltr'>occurrit</span> <span class='ocrx_word' id='word_1_340' title='bbox 1374 2653 1484 2701; x_wconf 81' lang='lat' dir='ltr'>bora</span> <span class='ocrx_word' id='word_1_341' title='bbox 1508 2656 1630 2718; x_wconf 84' lang='lat' dir='ltr'>lang,</span> <span class='ocrx_word' id='word_1_342' title='bbox 1648 2654 1769 2698; x_wconf 88' lang='lat' dir='ltr'>valde</span> <span class='ocrx_word' id='word_1_343' title='bbox 1791 2653 1882 2701; x_wconf 77' lang='lat' dir='ltr'>diu.</span> <span class='ocrx_word' id='word_1_344' title='bbox 1913 2650 1993 2701; x_wconf 82' lang='lat' dir='ltr'>cfr.</span> <span class='ocrx_word' id='word_1_345' title='bbox 2015 2656 2064 2697; x_wconf 90' lang='lat' dir='ltr'>L.</span> <span class='ocrx_word' id='word_1_346' title='bbox 2085 2657 2137 2699; x_wconf 93' lang='lat' dir='ltr'>II.</span> <span class='ocrx_word' id='word_1_347' title='bbox 2157 2671 2196 2703; x_wconf 69' lang='lat' dir='ltr'>c.</span> <span class='ocrx_word' id='word_1_348' title='bbox 2214 2658 2267 2706; x_wconf 70' lang='lat' dir='ltr'>ll,</span> <span class='ocrx_word' id='word_1_349' title='bbox 2289 2661 2335 2703; x_wconf 84' lang='lat'>6.</span> 
     </span>
     <span class='ocr_line' id='line_1_39' title="bbox 191 2718 2165 2785; baseline 0.001 -19"><span class='ocrx_word' id='word_1_350' title='bbox 191 2723 294 2766; x_wconf 90' lang='lat' dir='ltr'>Nos</span> <span class='ocrx_word' id='word_1_351' title='bbox 319 2722 443 2767; x_wconf 84' lang='lat' dir='ltr'>Sueci</span> <span class='ocrx_word' id='word_1_352' title='bbox 463 2720 548 2768; x_wconf 79' lang='lat' dir='ltr'>bra</span> <span class='ocrx_word' id='word_1_353' title='bbox 568 2720 634 2765; x_wconf 89' lang='lat' dir='ltr'>vel</span> <span class='ocrx_word' id='word_1_354' title='bbox 653 2719 870 2778; x_wconf 83' lang='lat' dir='ltr'>brafnon</span> <span class='ocrx_word' id='word_1_355' title='bbox 890 2719 1067 2767; x_wconf 83' lang='lat' dir='ltr'>absimili</span> <span class='ocrx_word' id='word_1_356' title='bbox 1089 2722 1299 2781; x_wconf 85' lang='lat' dir='ltr'>loquendi</span> <span class='ocrx_word' id='word_1_357' title='bbox 1319 2736 1472 2779; x_wconf 83' lang='lat' dir='ltr'>genere</span> <span class='ocrx_word' id='word_1_358' title='bbox 1499 2720 1685 2764; x_wconf 85' lang='lat' dir='ltr'>dicimus</span> <span class='ocrx_word' id='word_1_359' title='bbox 1707 2718 1822 2783; x_wconf 76' lang='lat' dir='ltr'>braf</span> <span class='ocrx_word' id='word_1_360' title='bbox 1839 2723 1992 2785; x_wconf 66' lang='lat' dir='ltr'>l&#39;dnge,</span> <span class='ocrx_word' id='word_1_361' title='bbox 2030 2719 2165 2768; x_wconf 83' lang='lat' dir='ltr'>idern.</span> 
     </span>
    </p>

    <p class='ocr_par' dir='ltr' id='par_1_7' title="bbox 123 2783 2336 2962">
     <span class='ocr_line' id='line_1_40' title="bbox 123 2783 2336 2849; baseline -0.001 -15"><span class='ocrx_word' id='word_1_362' title='bbox 123 2783 251 2842; x_wconf 77' lang='lat' dir='ltr'>Aba,</span> <span class='ocrx_word' id='word_1_363' title='bbox 285 2804 329 2841; x_wconf 89' lang='lat' dir='ltr'>a,</span> <span class='ocrx_word' id='word_1_364' title='bbox 375 2787 605 2847; x_wconf 81' lang='lat' dir='ltr'>particula,</span> <span class='ocrx_word' id='word_1_365' title='bbox 641 2804 664 2831; x_wconf 88' lang='lat' dir='ltr'>a</span> <span class='ocrx_word' id='word_1_366' title='bbox 696 2785 885 2846; x_wconf 83' lang='lat' dir='ltr'>sequenti</span> <span class='ocrx_word' id='word_1_367' title='bbox 916 2786 978 2849; x_wconf 83' lang='lat' dir='ltr'>of</span> <span class='ocrx_word' id='word_1_368' title='bbox 997 2786 1110 2834; x_wconf 86' lang='lat' dir='ltr'>nulla</span> <span class='ocrx_word' id='word_1_369' title='bbox 1140 2787 1220 2832; x_wconf 85' lang='lat' dir='ltr'>alia</span> <span class='ocrx_word' id='word_1_370' title='bbox 1248 2803 1293 2830; x_wconf 88' lang='lat' dir='ltr'>re</span> <span class='ocrx_word' id='word_1_371' title='bbox 1323 2783 1506 2836; x_wconf 70' lang='lat' dir='ltr'>diversa,</span> <span class='ocrx_word' id='word_1_372' title='bbox 1542 2784 1617 2830; x_wconf 81' lang='lat' dir='ltr'>nisi</span> <span class='ocrx_word' id='word_1_373' title='bbox 1651 2787 1771 2844; x_wconf 92' lang='lat' dir='ltr'>quod</span> <span class='ocrx_word' id='word_1_374' title='bbox 1806 2785 1967 2832; x_wconf 77' lang='lat' dir='ltr'>adscito</span> <span class='ocrx_word' id='word_1_375' title='bbox 1998 2802 2026 2833; x_wconf 83' lang='lat' dir='ltr'>u</span> <span class='ocrx_word' id='word_1_376' title='bbox 2058 2785 2336 2846; x_wconf 81' lang='lat' dir='ltr'>paragogico,</span> 
     </span>
     <span class='ocr_line' id='line_1_41' title="bbox 190 2849 2331 2962; baseline 0 -62"><span class='ocrx_word' id='word_1_377' title='bbox 190 2852 311 2911; x_wconf 85' lang='lat' dir='ltr'>quod</span> <span class='ocrx_word' id='word_1_378' title='bbox 329 2852 471 2900; x_wconf 82' lang='lat' dir='ltr'>Gothi</span> <span class='ocrx_word' id='word_1_379' title='bbox 491 2867 714 2915; x_wconf 82' lang='lat' dir='ltr'>tantopere</span> <span class='ocrx_word' id='word_1_380' title='bbox 733 2870 958 2911; x_wconf 84' lang='lat' dir='ltr'>amarunt,</span> <span class='ocrx_word' id='word_1_381' title='bbox 993 2854 1034 2900; x_wconf 75' lang='grc' dir='ltr'>ἃ</span> <span class='ocrx_word' id='word_1_382' title='bbox 1055 2855 1143 2901; x_wconf 86' lang='lat' dir='ltr'>iam</span> <span class='ocrx_word' id='word_1_383' title='bbox 1164 2851 1248 2899; x_wconf 87' lang='lat' dir='ltr'>fine</span> <span class='ocrx_word' id='word_1_384' title='bbox 1268 2849 1579 2913; x_wconf 81' lang='lat' dir='ltr'>adspiratione,</span> <span class='ocrx_word' id='word_1_385' title='bbox 1612 2854 1701 2898; x_wconf 82' lang='lat' dir='ltr'>iam</span> <span class='ocrx_word' id='word_1_386' title='bbox 1720 2869 1821 2899; x_wconf 90' lang='lat' dir='ltr'>cum</span> <span class='ocrx_word' id='word_1_387' title='bbox 1847 2852 1998 2899; x_wconf 87' lang='lat' dir='ltr'>eadem</span> <span class='ocrx_word' id='word_1_388' title='bbox 2025 2850 2085 2900; x_wconf 78' lang='lat' dir='ltr'>uh</span> <span class='ocrx_word' id='word_1_389' title='bbox 2108 2849 2331 2962; x_wconf 54' lang='lat' dir='ltr'>leripl&#39;ire.</span> 
     </span>
    </p>

    <p class='ocr_par' dir='ltr' id='par_1_8' title="bbox 2169 2917 2332 2964">
     <span class='ocr_line' id='line_1_42' title="bbox 2169 2917 2332 2964; baseline 0.006 -1"><span class='ocrx_word' id='word_1_390' title='bbox 2169 2917 2244 2963; x_wconf 91' lang='lat' dir='ltr'>Ob</span> <span class='ocrx_word' id='word_1_391' title='bbox 2270 2933 2332 2964; x_wconf 83' lang='lat' dir='ltr'>er·</span> 
     </span>
    </p>
   </div>
  </div>
 </body>
</html>
