2473 3380
691 102 1628 161 ANNOTATIONES.
2163 86 2256 175 ης

7 266 15 275 1
258 214 478 263 [alandicae
499 214 657 275 linguae
682 213 831 262 similis
853 218 894 264 <Sc
915 219 1062 265 eadem
1090 221 1202 267 ratio
1222 219 1302 267 est:
1339 222 1405 268 uti
1423 219 1640 281 sequentia
1659 218 1863 281 probant.
1898 220 2079 281 Aelska,
2099 242 2257 284 amare,

55 288 98 332 in
125 281 234 346 perf.
262 282 392 328 habet
421 281 634 339 oelskade‚
661 284 706 328 in
734 285 938 344 imperat.
966 286 1121 343 dlska‚
1158 289 1202 332 in
1232 302 1344 348 part.
1373 286 1481 349 pass.
1500 286 1678 334 c'z'lskua‘.
1721 287 1909 334 Alterius
1936 293 2256 352 coniugationis

53 350 299 411 exemplum
321 349 391 394 dat
410 347 594 405 brenna,
611 366 749 406 urere,
772 353 894 397 cuius
919 355 1188 412 praeteritum
1211 353 1269 399 est
1287 353 1460 402 brende.
1493 358 1610 414 Imp.
1629 352 1784 402 brenn.
1797 357 1910 403 Part.
1929 355 2031 416 pass.
2046 356 2259 409 brendur.

50 419 212 462 Tertiae
229 414 371 467 bidia,
391 429 551 475 petere,
578 417 702 461 cuius
725 413 837 477 perf.
861 416 920 462 est
947 419 1052 467 bad.
1098 423 1215 481 Imp.
1237 420 1329 469 bid.
1364 424 1477 469 Part.
1500 418 1603 481 pass'.
1624 419 1804 468 bedenn.
1841 423 2107 487 Runolphus
2121 423 2261 489 Jonae

50 483 197 544 plures
221 481 400 541 quidem
423 480 555 527 huius
584 483 741 542 linguae
760 485 1088 544 coniugationes
1115 489 1265 545 ponit,
1295 484 1364 532 sed
1394 504 1544 533 omnes
1567 487 1621 532 ad
1641 486 1766 532 hasce
1792 502 1876 533 tres
1901 491 2137 537 commode
2153 488 2261 538 refe-

48 549 215 598 rendas.
285 550 424 593 Pauca
443 547 532 593 haec
554 549 598 593 in
616 545 836 609 praesentia
856 551 957 596 ideo
978 551 1119 596 dicere
1141 554 1376 612 occupavi,
1404 568 1452 598 ut
1470 569 1662 599 veterum
1684 553 1843 600 harum
1863 554 2113 616 linguarum
2137 558 2262 605 indo-

47 615 128 668 les,
168 631 265 674 quae
286 614 490 660 invariata
509 615 555 660 in
585 613 734 661 nostro
753 613 952 662 sermone
982 616 1202 675 hodieque
1223 633 1451 677 perennat,
1481 619 1637 664 melius
1656 617 1853 679 patescat,
1880 620 2067 668 &fimul
2086 622 2261 680 constet,

46 680 254 742 pleraque
280 697 459 737 eorum,
493 697 587 740 quae
608 680 661 728 ab
693 681 898 744 Hickefio
928 681 1115 741 aliisque
1142 683 1197 728 ad
1225 683 1424 729 anomala
1441 680 1703 739 referuntur,
1731 687 1943 745 regularia
1964 687 2060 745 effe,
2097 690 2137 736 ἃ
2159 707 2259 736 con-

46 745 169 795 stanti
199 748 402 794 omnium
432 745 718 797 dialefibtum
743 747 1037 793 Gothicarum
1058 745 1379 805 observatione,
1408 751 1470 795 uti
1501 749 1701 810 pluribus
1729 749 1842 797 infra
1867 753 2106 811 docebitur,
2135 754 2258 803 stabi-

45 813 136 862 lita.
207 813 343 877 Quod
362 830 466 859 vero
486 812 756 875 Moesogothi
774 812 988 874 singulare
1006 814 1049 860 ὅτ
1065 816 1302 875 proprium
1323 815 1497 870 habent,
1529 815 1573 862 id
1598 813 1668 869 est,
1697 817 1820 875 quod
1843 834 1965 864 more
1989 823 2259 879 Latinorum,

46 879 90 927 δι
120 882 324 942 inprimis
353 880 634 936 Graecorum,
663 881 706 925 in
742 877 940 940 perfefiio
972 895 1172 942 tempore
1201 896 1487 941 augmentum
1513 879 1768 943 syllabicum
1803 883 2059 944 adiungam,
2088 888 2172 934 hoc
2200 887 2262 935 est

46 950 240 1009 primam
269 946 385 992 verbi
419 947 604 992 litteram
635 947 870 1006 geminent,
896 946 1046 994 addito
1062 953 1108 996 αι’
1126 947 1394 1011 diphtongo,
1417 945 1491 995 sed
1517 946 1563 993 id
1582 950 1893 997 tantummodo
1912 951 1958 996 in
1976 950 2129 1011 verbiS,
2164 970 2259 1013 quae

47 1012 102 1059 ad
121 1015 293 1060 tertiam
314 1014 667 1072 coniugationem
686 1013 919 1073 pertinent,
948 1030 988 1061 e.
1008 1030 1052 1073 g.

314 1074 542 1140 Afazkan,
574 1095 730 1140 negare
747 1114 761 1137 ‚
783 1079 826 1123 in
847 1081 1070 1139 praeterito
1091 1078 1224 1127 habet
1250 1076 1434 1145 afaiak·

315 1141 509 1201 Aulum,
535 1161 703 1206 augere,
731 1142 887 1193 aiauk.

316 1209 541 1260 Bilat'lean
576 1212 772 1266 illudere,
805 1210 1032 1264 bilailaik.
1067 1231 1079 1233 “

316 1276 506 1333 Fahan,
535 1295 702 1338 capere,
721 1272 900 1342 faifah.

317 1343 514 1400 Faldun,
549 1345 731 1405 plicare,
763 1341 984 1406 faifalth.

321 1408 533 1467 Grettan,
569 1410 684 1464 flere,
712 1412 915 1475 gaigrot.

315 1474 508 1531 Hah-an,
546 1472 817 1538 suspendere,
854 1472 1047 1533 haihah.

312 1542 508 1600 Haitan,
536 1542 701 1605 jubere,
732 1540 927 1592 haihait.

313 1609 522 1664 Laikun,
550 1610 751 1662 exultare,
788 1607 960 1661 lailaik.

316 1677 478 1733 Letan,
510 1675 655 1731 linere,
688 1676 834 1724 lailot.

313 1743 516 1800 Maitatz,
550 1742 724 1799 caedere,
758 1746 988 1793 maimait.

317 1809 489 1866 Safon,
521 1807 678 1866 serere,
698 1809 838 1875 saso.

316 1873 548 1932 Skaidan,
580 1874 797 1937 separare,
824 1871 1081 1939 skaiskaid.
1114 1892 1140 1922 v
1172 1874 1289 1923 Edit.
1312 1873 1492 1925 Benzel.
1522 1878 1626 1923 Luc.
1647 1891 1693 1937 9,
1719 1889 1797 1936 33.

318 1942 505 2008 Slepan,
539 1943 749 2000 dormire,
766 1939 954 2008 stziflep.

325 2009 504 2065 Telmun,
536 2024 702 2070 capere,
735 2008 892 2058 tazsok.

56 2121 59 2124 Α
323 2075 515 2129 Waian,
547 2075 665 2130 flare,
700 2079 868 2125 wain.

51 2142 261 2190 Eiusdem
284 2143 453 2202 generis
471 2139 567 2187 sunt
585 2142 773 2199 lailoun,
803 2143 1026 2190 convitiati
1044 2138 1141 2189 sunt
1160 2141 1205 2202 (a
1224 2140 1366 2198 laian,
1393 2142 1459 2186 uti
1480 2141 1675 2198 videtur,
1700 2141 1848 2190 Sveth.
1867 2141 1930 2200 le,
1957 2140 2076 2193 conf.
2092 2144 2196 2208 joh.
2217 2162 2268 2203 9,

53 2219 135 2265 28.
162 2209 267 2256 edit.
290 2207 470 2257 Benzel.
500 2207 543 2253 ὅ(
574 2207 646 2256 lsl.
677 2209 825 2272 la’vist,
851 2208 1351 2273 la’ging„vituperatio.
1396 2209 1533 2254 Fenn.
1550 2209 1735 2271 pilam,
1757 2208 1961 2266 illudere,
1989 2208 2269 2276 subsannare)

43 2274 296 2343 safiOkunr
323 2272 606 2336 plangebant,
642 2273 695 2320 de
721 2291 811 2334 quo
839 2272 1014 2322 consule
1041 2274 1330 2334 appendicem
1360 2271 1414 2317 ad
1438 2272 1580 2334 Gloff.
1600 2269 1752 2338 Juni2',
1771 2289 1815 2333 p.
1836 2272 2155 2338 424,Jizifi20r,
2176 2277 2269 2325 insi-

55 2343 193 2389 diatus
210 2339 293 2398 est,
327 2358 351 2387 a
356 2338 548 2404 fileran,
576 2337 753 2388 augtore
772 2340 894 2390 Edu.
915 2343 1008 2406 Lye
1032 2340 1083 2385 ad
1104 2338 1250 2386 Marc.
1272 2341 1316 2395 6,
1334 2352 1408 2394 19.
1452 2340 1516 2383 Ex
1545 2339 1660 2385 hisce
1686 2338 1895 2385 omnibus
1921 2340 2055 2387 allatis
2073 2344 2266 2391 animad-

55 2410 180 2454 vertit
208 2403 336 2454 facile
362 2405 499 2454 lestor
515 2423 663 2463 meus,
699 2409 744 2454 in
764 2408 849 2454 hoc
868 2422 1104 2469 augmento
1127 2403 1312 2467 semper,
1347 2405 1411 2450 uti
1431 2405 1533 2461 dixi,
1569 2405 1710 2466 repeti
1729 2406 1920 2466 primam
1940 2409 2057 2454 vocis
2078 2409 2266 2457 litteram

54 2490 160 2530 cum
188 2473 332 2520 addita
361 2474 611 2535 diphtongo
638 2477 710 2530 ai,
731 2491 827 2536 quae
855 2492 916 2536 gr.
940 2486 955 2510 ⁸
982 2472 1024 2519 &
1053 2472 1187 2518 latino
1208 2488 1229 2519 e
1256 2473 1369 2517 inter
1393 2471 1772 2532 pronuntiandum
1791 2469 2102 2533 respondebat,
2135 2478 2201 2523 uti
2217 2494 2268 2523 ex

57 2541 250 2587 vocibus‘
278 2540 520 2600 peregrinis
564 2539 607 2586 ὃ(
650 2541 904 2588 nominibus
943 2540 1169 2601 propriis,
1212 2540 1256 2585 in
1294 2537 1458 2584 Codice
1498 2544 1716 2600 Argenteo
1753 2539 2102 2598 occurrentibus,
2138 2556 2270 2603 patet.

6 2612 9 2614 ’
55 2605 449 2670 Qemadmodum
471 2607 615 2665 itaque
634 2607 777 2652 Graeci
797 2624 820 2652 a
839 2611 943 2653 ποιέω
971 2602 1112 2651 fecere
1134 2610 1322 2660 moi-dmm,
1342 2604 1462 2650 latini
1481 2622 1505 2650 a
1524 2605 1660 2666 pello,
1679 2606 1847 2666 pepuli,
1871 2607 1927 2651 ita
1948 2607 2090 2652 Gothi
2114 2625 2137 2654 a
2158 2613 2266 2658 mai-

56 2685 133 2721 tan
155 2669 293 2718 fecere
315 2674 536 2719 maimait.
593 2673 883 2718 Fundamenti
904 2672 1003 2718 loco
1021 2673 1160 2718 haecce
1181 2687 1346 2730 ponere
1366 2668 1498 2717 debui
1518 2712 1522 2725 ,
1546 2686 1593 2717 ut
1614 2688 1696 2733 per
1713 2668 1752 2717 se
1773 2670 1907 2717 lessor
1921 2672 2111 2733 judicare
2129 2673 2271 2736 poffit,

56 2741 299 2803 genuinane
318 2736 367 2784 fit
386 2735 514 2784 leffio
528 2736 812 2786 Knitteliana
836 2749 1039 2794 tatarva,
1107 2740 1202 2799 Ego
1223 2753 1326 2782 vero
1345 2753 1472 2797 nego,
1499 2738 1633 2797 idque
1654 2737 1713 2784 ob
1736 2737 1839 2782 duas
1858 2740 2058 2795 rationes,
2081 2757 2272 2800 quarum

55 2821 326 2866 unaquaeque
355 2805 418 2851 rei
446 2803 684 2865 probandae
711 2802 942 2851 suffestura
969 2801 1129 2853 fuisset.
1198 2804 1364 2860 Primo,
1383 2804 1524 2850 Gothi
1547 2819 1627 2860 ιαῑ,
1656 2820 1744 2849 non
1765 2819 1867 2848 vero
1885 2818 1934 2850 ια
1953 2803 2267 2865 praemisissent:

57 2871 214 2921 deinde
234 2869 415 2921 verbum
427 2882 612 2928 trauan,
622 2873 778 2933 primae
799 2871 1096 2927 declinationis
1109 2869 1183 2931 est,
1202 2885 1331 2931 atque
1350 2869 1460 2919 adeo
1477 2884 1759 2932 augmentum
1777 2866 1959 2932 respuit.
1986 2874 2036 2919 In
2048 2872 2267 2933 reifidem,

1134 2939 1173 2982 R
2221 2958 2269 2988 ex
