2473 3380
148 146 244 205 136
790 129 1728 183 ANNOTATIONES.

145 252 324 298 citatum
343 243 506 293 Matth.
524 258 543 291 1
557 257 598 298 Ι,
613 257 660 292 2.
682 239 823 291 facere
843 259 931 288 non
960 239 1156 301 possum,
1184 242 1260 300 qui
1280 256 1485 287 annotem
1500 273 1512 296 ‚
1537 243 1657 301 quod
1679 239 2058 308 scilicetfiponjam
2076 234 2283 302 seinaim,
2314 239 2362 286 in

147 318 295 363 dativo
328 309 426 358 casu
454 325 666 371 ponatur,
702 326 839 370 quum
851 305 1058 367 sana‘y‘an
1086 322 1294 365 quartum
1325 307 1368 352 ὅ(
1395 308 1636 353 numeralia
1665 305 1756 354 fere
1777 307 2011 355 secundum
2032 306 2212 368 pluralis
2235 322 2362 355 num.

148 394 320 429 ament:
357 374 471 425 conf.
494 379 630 425 Marc
655 392 724 437 14,
741 391 812 437 13·
847 371 947 437 Jall
964 369 1203 434 infizndida
1228 384 1373 420 twans
1389 373 1556 439 siponje
1577 371 1793 435 sbrnaize,
1829 375 1870 421 δι
1899 372 2012 420 misit
2035 373 2145 419 duos
2176 369 2364 432 discipu-

145 450 297 495 lorum
327 443 526 492 suorum.
595 444 714 488 Fecit
743 442 851 495 hoc,
879 453 928 485 ut
953 452 1069 484 totus
1102 436 1334 485 concedam
1364 440 1408 484 in
1440 437 1674 485 doffiffimi
1701 437 1994 503 Marqfcllalli
2020 454 2186 500 parteS,
2216 439 2293 497 qui
2318 436 2366 486 bi

144 516 357 580 siponjam
363 509 573 573 seinaim,
593 509 907 567 interpretatur,
931 521 1009 564 per
1021 502 1258 566 discipulos
1281 504 1394 562 suos,
1408 507 1452 550 in
1473 507 1644 566 primiS,
1666 523 1803 564 quum
1818 538 1830 561 ,
1852 505 1949 566 ipso
1969 504 2084 562 teste,
2107 505 2238 551 codex
2258 507 2365 550 Can·

129 570 412 639 ⁸tabrigiensis
433 577 623 626 Graecus,
648 589 781 632 quem
807 568 1028 636 Ulplzilas
1047 568 1269 632 saepiffime
1291 569 1408 631 sequi
1429 572 1780 632 deprehenditur,
1810 589 1893 632 pro
1916 578 1976 621 δυ’,
1997 571 2152 617 habeat
2173 576 2248 619 διὰ
2283 568 2368 616 Sed

148 643 364 707 quicquid
388 643 520 687 huius
547 637 616 695 fit,
643 638 810 698 reliqua
838 653 1005 695 tamen,
1036 655 1133 698 quae
1161 637 1214 684 ad
1243 638 1593 700 parallelismurn
1614 636 1667 688 L.
1688 639 1848 683 Latinae
1878 639 1919 685 ἃ
1939 637 2139 684 Gothicae
2159 634 2368 697 speaant,

148 705 392 759 inconcussa
415 720 607 753 manent.

354 771 669 834 Progredimur
695 769 750 817 ad
779 785 1015 818 numerum
1046 770 1251 827 tertIum,
1281 770 1358 830 qui
1385 769 1462 816 fibi
1493 787 1574 831 per
1601 786 1754 817 omnes
1773 767 1979 815 dialeffios
1999 769 2107 816 adeo
2126 767 2275 815 similis
2295 764 2368 823 est,

148 857 198 894 ut
218 841 328 889 nihil
347 841 486 902 magis
505 835 585 884 esse
604 835 749 899 poffit.
819 839 932 883 Leve
952 836 998 883 id
1019 837 1199 896 quidem
1219 835 1291 893 est,
1311 834 1382 883 sed
1399 853 1490 882 non
1507 852 1653 883 tamen
1674 842 1845 896 penitus
1866 836 2230 896 praetereundum,
2243 832 2370 893 quod

152 913 259 960 dum
279 904 583 968 Moesogothi‚
618 901 950 965 Anglosaxones
978 903 1224 962 Islandique
1243 903 1299 948 ad
1322 919 1427 949 eum
1447 904 1781 964 exprimendum
1805 902 1851 962 *)
1871 901 1919 948 th
1943 901 2198 956 adhibeant,
2226 901 2370 946 Graeci

157 1005 179 1027 a,
208 973 487 1027 substiti-lanu
524 970 647 1031 quod
677 969 851 1017 aliunde
884 967 1050 1016 fassum
1077 986 1166 1016 non
1194 966 1319 1015 fuisse
1329 1006 1343 1027 ,
1366 986 1582 1030 auguror,
1610 986 1744 1029 quam
1763 969 1883 1029 quod
1903 967 1982 1014 usu
2001 969 2087 1013 hoc
2105 966 2372 1013 vocabulum

152 1056 378 1103 receptum
397 1035 553 1094 fuerit,
582 1052 816 1096 antequam
838 1035 1125 1092 Palamedes,
1153 1051 1353 1096 tempore
1372 1035 1473 1082 belli
1498 1038 1707 1093 Troiani,
1735 1036 1921 1081 litteram
1942 1053 1975 1083 Θ
1998 1034 2294 1088 adinvenerat,
2328 1031 2371 1078 &

155 1108 266 1156 adeo
287 1105 429 1153 Graeei
450 1106 689 1151 accuratius
713 1105 803 1149 vim
826 1102 958 1148 huius
981 1102 1130 1148 litterae
1148 1104 1393 1162 exprimere
1418 1117 1664 1161 potuerant.
1733 1102 1861 1148 Valet
1880 1102 2030 1147 eadem
2053 1098 2299 1147 observatio
2320 1097 2373 1144 de

156 1172 377 1237 pluribus,
395 1188 429 1216 e.
451 1186 495 1231 g.
517 1169 613 1223 thu,
639 1180 707 1222 tu,
748 1176 806 1224 τι),
840 1167 1082 1231 thragjan‚
1117 1184 1312 1223 currere,
1348 1175 1497 1229 reff'xw·

359 1236 672 1298 Qaternarius
693 1250 902 1279 numerus
922 1231 1084 1279 etiamsi
1105 1229 1299 1278 formam
1329 1231 1449 1278 suam
1469 1233 1586 1293 apud
1609 1234 1785 1280 Graecos
1805 1234 1848 1280 ἃ
1867 1233 2043 1278 Latinos
2073 1232 2278 1277 immutet
2298 1228 2376 1275 ali-

160 1302 421 1365 quantulum
437 1337 448 1357 ,
483 1303 630 1347 minus
648 1315 792 1346 tamen
816 1299 928 1346 olim
948 1296 1238 1359 comparuisse
1258 1295 1504 1356 discrimen,
1524 1314 1691 1345 certum
1713 1299 1786 1348 est.
1839 1299 1996 1345 Aeoles
2015 1298 2131 1343 enim
2146 1335 2155 1351 ‚
2176 1298 2252 1356 qui
2273 1296 2376 1357 plu·

159 1373 326 1419 timum
346 1366 557 1414 sermonis
579 1365 711 1428 prisci
729 1363 964 1422 retinuisse,
982 1361 1074 1410 fere
1096 1363 1495 1424 deprehenduntur,
1515 1382 1598 1427 pro
1618 1369 1808 1424 τέσσωςες,
1837 1371 1974 1424 airaga
1995 1364 2214 1413 dixerunt:
2251 1361 2376 1422 quod

160 1453 293 1498 quam
314 1435 514 1495 proxime
532 1432 694 1478 accedit
712 1433 766 1476 ad
787 1432 1005 1478 Celticum
1022 1431 1235 1494 pedwar,
1263 1431 1379 1476 unde
1403 1432 1652 1477 vehiculum
1675 1430 1896 1475 Gallicum
1910 1434 2184 1492 petorritum
2212 1445 2376 1474 nomen

160 1499 369 1556 habuisse,
398 1499 556 1545 docent
575 1498 815 1560 philologi,
856 1494 972 1556 quasi
993 1497 1107 1542 dicas
1129 1496 1452 1557 quadrirotum,
1471 1498 1608 1544 Goth.
1621 1500 1799 1560 siawor.
1845 1496 1989 1544 Sveth.
2011 1508 2096 1543 ant.
2108 1495 2260 1562 fidur,
2275 1492 2378 1562 fid·-

161 1565 465 1634 womfloedur
501 1567 555 1614 Ρ.
591 1563 744 1609 deinde
765 1565 809 1608 in
830 1581 855 1627 q
877 1578 1059 1619 mutato,
1086 1564 1228 1620 Latini
1248 1575 1444 1626 quatuor
1463 1560 1615 1609 fecere.

369 1633 524 1699 Stega,
542 1631 664 1691 quod
683 1631 838 1690 viginti
855 1629 975 1689 apud
998 1627 1283 1689 Precopenses
1303 1630 1490 1686 denotat,
1511 1632 1553 1674 in
1575 1628 1762 1675 nostram
1778 1629 1964 1689 patriam
1985 1628 2102 1673 haud
2124 1626 2255 1674 dubie
2277 1643 2380 1674 cum

166 1700 311 1755 Odim‘
330 1700 540 1746 comitatu
556 1695 730 1743 transiit.
797 1695 1040 1741 Gothlandi
1072 1693 1169 1740 suos
1196 1695 1419 1754 hodieque
1439 1696 1629 1742 calculos
1658 1711 1869 1757 ponentes
1871 1698 1973 1760 stig
1991 1694 2226 1749 adhibent,
2253 1695 2310 1739 ita
2332 1707 2381 1740 ut

155 1767 279 1835 syra
291 1769 390 1832 stig
414 1763 635 1823 oE‘toginta
662 1761 859 1817 denotet,
874 1759 974 1823 fem
986 1764 1110 1825 stig,
1142 1776 1335 1810 centum.
1405 1764 1456 1806 In
1483 1760 1641 1808 statuto
1669 1760 1833 1809 Canuti
1862 1764 1974 1821 regis
2009 1762 2061 1806 de
2089 1776 2204 1806 anno
2239 1772 2380 1817 1400,

167 1828 440 1895 Hamrgskrci
457 1827 597 1885 disto,
628 1829 881 1873 nominatur
910 1830 1070 1893 enstig
1086 1824 1194 1889 τοι]
1195 1825 1246 1882 k,
1269 1827 1297 1877 i,
1316 1844 1351 1872 e.
1371 1829 1526 1887 viginti
1547 1827 1668 1887 gobii
1683 1864 1694 1883 ‚
1720 1829 1762 1873 ὅ(
1790 1829 1834 1872 in
1854 1826 2033 1873 historia
2052 1828 2169 1872 Erici
2190 1828 2304 1875 XIV.
2324 1826 2380 1872 ab

168 1898 363 1966 AEgz'dm
387 1896 509 1945 Girs
527 1891 766 1953 conscripta
785 1909 885 1953 pag.
912 1907 1020 1952 150.
1040 1895 1291 1958 garrssege‚
1320 1907 1441 1939 notat
1461 1894 1614 1953 viginti
1638 1891 1700 1938 fili
1721 1895 1959 1954 portiones.
2027 1892 2284 1937 Monticolae
2303 1908 2381 1938 no-

167 1968 243 2017 stri
264 1964 441 2012 modios
459 1960 703 2008 carbonum
721 1975 800 2020 per
804 1962 901 2024 stig
920 1976 1171 2016 numerare,
1197 1961 1242 2004 in
1262 1959 1417 2020 vulgus
1437 1973 1593 2005 notum
1612 1957 1691 2015 est,
1721 1963 1778 2005 ita
1806 1974 1951 2004 tamen
1977 1973 2025 2004 ut
2050 1973 2101 2006 en
2113 1961 2204 2023 stig
2226 1956 2303 2005 kol
2322 1959 2383 2003 vi·

169 2036 280 2098 ginti
307 2044 496 2092 quatuor
525 2026 701 2073 modios
730 2023 910 2078 efficiat,
940 2043 1037 2085 quae
1066 2022 1308 2071 differentia
1336 2027 1488 2085 utique
1507 2023 1748 2086 assignanda
1769 2024 1930 2071 calculo
1955 2023 2269 2079 duodecimali‚
2303 2025 2384 2083 qui

171 2098 293 2164 apud
323 2097 510 2143 maiores
539 2091 709 2139 nostros
732 2092 935 2148 invaluit,
965 2092 1007 2138 δι
1038 2092 1089 2137 de
1118 2109 1209 2151 quo
1239 2092 1445 2138 nonnihil
1468 2107 1591 2138 antea
1609 2093 1832 2139 monitum
1854 2088 1927 2139 est.
1995 2090 2152 2138 Latino
2175 2089 2386 2137 Barbaros

172 2184 255 2230 per
266 2166 406 2231 sticas
436 2158 671 2220 aliquando
700 2156 962 2216 numerasse,
988 2176 1036 2204 ex
1058 2159 1325 2223 Spelmanno
1351 2159 1395 2206 ἃ
1415 2158 1476 2207 du
1498 2159 1685 2208 Fresnio
1705 2157 1862 2205 discere
1881 2157 1980 2204 licet
1999 2193 2010 2214 ‚
2034 2158 2111 2217 qui
2122 2160 2289 2222 sticum
2305 2172 2384 2205 an·

165 2232 428 2301 guillarum
454 2222 710 2273 continuisse
728 2226 901 2271 tradunt
922 2241 977 2276 25
1005 2224 1228 2285 anguillas,
1245 2222 1360 2272 forte
1387 2240 1458 2285 24,

379 2301 549 2355 Agmen
569 2290 777 2337 claudunt
796 2290 915 2351 apud
944 2289 1151 2337 illustrem
1170 2289 1527 2354 au>Goremsada
1551 2292 1595 2339 ὃ(
1619 2289 1778 2347 hazer,
1805 2306 1996 2348 quorum
2025 2289 2071 2335 id
2098 2304 2270 2336 centum
2300 2290 2388 2336 hoc

175 2364 297 2416 mille
317 2375 454 2409 notat.
501 2361 656 2419 Quum
678 2358 878 2416 primum
898 2357 1015 2402 hune
1036 2374 1197 2403 vocum
1214 2360 1552 2418 Precopicarum
1575 2356 1792 2421 syllabum
1809 2357 2058 2416 recognovi,
2077 2356 2256 2401 miratus
2278 2354 2387 2412 sum,

176 2431 396 2480 undenam
428 2426 496 2472 hae
524 2439 651 2469 voces
679 2418 887 2482 profefilae
918 2421 1069 2477 essent,
1100 2439 1254 2482 utpote
1286 2423 1449 2481 quibus
1477 2438 1589 2469 caret
1610 2420 1931 2481 Moel'ogothica
1951 2419 2178 2478 dialeElus,
2215 2438 2389 2468 centum

178 2515 259 2561 per
278 2511 383 2558 ergo
407 2508 488 2556 per
510 2489 639 2538 hund
655 2489 917 2549 exprimens,
939 2487 1061 2535 mille
1081 2504 1184 2535 vero
1210 2505 1291 2549 per
1312 2486 1507 2552 tufimdi.
1557 2489 1640 2536 Sed
1660 2488 1897 2535 commode
1917 2489 2092 2535 monuit
2109 2490 2276 2536 amicus
2298 2489 2391 2548 qui-

2289 2555 2389 2600 dam

236 2706 281 2757 *)
309 2705 501 2746 Videntur
518 2700 804 2755 Anglosaxones
821 2703 1028 2743 Alemanni
1049 2705 1230 2755 ceter-iqui
1246 2702 1347 2741 hatho
1366 2704 1400 2741 ὃ(
1419 2702 1596 2753 bajothum
1619 2715 1688 2754 pro
1716 2714 1807 2740 voce
1826 2700 2032 2753 composita
2048 2714 2095 2740 ex
2112 2699 2154 2739 ba
2170 2701 2202 2739 ἃ
2221 2713 2296 2738 twa
2316 2698 2395 2739 duo

291 2757 472 2805 habuisse,
491 2756 630 2809 quibus
647 2755 820 2797 lubentes
839 2755 1158 2809 adstipularemur,
1179 2755 1247 2796 nisi
1264 2754 1424 2795 obstaret
1441 2754 1629 2795 diversitas
1648 2756 1857 2794 litterarum
1873 2768 1889 2793 τ
1906 2757 1939 2793 ἃ
1960 2754 1998 2792 th
2051 2753 2200 2794 Deinde
2218 2752 2394 2792 videmus

294 2811 336 2849 in
353 2811 481 2850 codice
499 2815 693 2861 Argenteo
711 2821 784 2848 twa
800 2812 841 2850 in
855 2810 921 2849 dat
991 2810 1127 2848 Plurali
1145 2812 1267 2847 tumim
1294 2822 1373 2847 non
1389 2821 1464 2848 tnm
1478 2808 1626 2847 habere.
1683 2809 1720 2847 Si
1740 2809 1823 2860 plus
1837 2806 2036 2860 superesset
2057 2805 2237 2846 sermonis
2260 2805 2392 2845 Gothi·

297 2863 345 2908 ci,
366 2862 591 2902 disceremus
607 2860 753 2901 fortasse
769 2861 901 2915 bajoths
918 2863 954 2902 ἃ
973 2861 1150 2914 bajotlznm
1166 2862 1450 2902 terminationes
1478 2861 1548 2900 effe
1567 2862 1720 2900 numeri
1739 2860 1870 2900 dualis.

340 2915 507 2955 Ulterius
533 2915 686 2955 eosdem
711 2926 936 2970 propagatos
954 2914 1062 2955 fuisse
1081 2917 1137 2954 vel
1165 2915 1254 2954 inde
1275 2913 1436 2960 constat,
1463 2913 1569 2965 quod
1591 2916 1793 2954 Fennones
1811 2911 1931 2954 nosti-i.
1943 2908 2192 2963 centumfizta
2207 2910 2393 2963 appellent

294 2979 331 3008 v.
348 2966 502 3018 Juslenii
519 2968 591 3009 lex.
611 2970 731 3008 Fenn.
755 2983 793 3021 p,
809 2982 883 3018 330
911 2966 1051 3009 Nescio
1069 2981 1117 3008 an
1133 2967 1210 3008 huc
1218 2969 1401 3021 pertineat
1412 2968 1487 3008 Pol.
1494 2966 1565 3018 sto.
