2473 3380
151 117 180 168 8
939 96 1561 154 PRAEFATIO.

147 238 272 272 mera
299 215 627 274 terminatione,
658 214 722 262 nil
749 211 1033 276 fignificante‚
1067 212 1154 259 hoc
1188 210 1360 259 habent.
1439 208 1675 261 Conservat
1701 227 1806 261 vero
1837 225 2070 277 utramque
2101 230 2256 265 vocem
2281 216 2362 265 finss

149 291 362 338 ceriorem
383 289 432 332 L.
455 283 645 330 Gothica
667 282 708 329 ὃ(
728 279 1077 342 Moesogothica,
1111 281 1157 324 in
1188 295 1273 337 qua
1293 275 1476 334 hueleik‚
1500 279 1583 336 vel,
1614 294 1664 327 ut
1692 281 1850 327 acriori
1878 285 2239 343 pronuntiatione
2259 283 2362 331 effe.

149 355 324 404 rebatur
351 352 496 408 litera,
531 353 572 396 O
591 346 802 412 punfiiato
834 346 1008 402 similis,
1042 343 1227 409 queleik.
1248 360 1286 393 v.
1306 347 1415 394 Luc.
1442 359 1460 391 1
1480 381 1490 400 ,
1528 360 1604 402 29.
1634 362 1732 406 quae
1764 351 1818 390 τὲ
1834 351 2093 396 Latinorum
2121 353 2272 414 qualis
2296 367 2360 396 re-

148 419 349 483 spondet.
415 413 528 466 tatik
556 432 661 462 vero
682 414 865 461 Islandis
895 410 1064 470 nostris,
1097 410 1223 468 tome,
1257 409 1300 457 ὅ(
1321 412 1483 458 Gothis
1509 412 1663 456 exteris
1667 409 1865 475 fialeilg
1886 416 2019 463 talem
2043 431 2177 465 notat,
2214 419 2360 464 Marc,

150 502 235 547 13,
278 501 354 542 19.
408 485 526 531 Dani
550 484 762 541 Scanique
791 478 928 524 nostri
958 479 1091 543 telig,
1126 477 1269 525 Gr‘aeci
1301 474 1439 520 τηλίκαι
1474 476 1650 534 dicunt,
1686 495 1792 526 voce
1825 497 1913 527 no„
1942 482 2143 540 aliunde,
2174 499 2309 541 quam
2338 499 2362 529 e

151 553 343 601 Gothica
367 555 421 600 L.
450 548 690 596 derivanda.
761 544 929 590 Videor
954 545 1100 604 itaque
1129 545 1241 589 mihi
1269 559 1361 589 non
1388 545 1628 604 incongrua
1661 544 1827 603 dicere,
1860 546 1890 593 fi
1911 547 2122 601 docuero,
2158 550 2363 594 termina.

153 621 324 667 tionem
347 618 466 664 illam
488 616 547 663 lis
566 611 649 660 esse
667 609 873 665 nostram,
895 610 938 657 <St
962 611 1255 672 Ulphilanum
1274 608 1351 666 lik,
1371 609 1493 670 quod
1504 610 1652 673 fimile
1681 626 1822 669 notat,
1857 613 2012 660 ultima
2042 629 2211 661 tantum
2241 614 2365 660 litera

154 685 210 732 ad
231 684 438 730 Latialem
468 680 654 727 modum
685 679 876 726 variatazr
902 691 951 723 ut
981 678 1090 723 adeo
1120 676 1227 724 talis
1249 673 1298 722 fit
1317 677 1596 741 illifimz'lis,
1633 676 1675 722 ὅ(
1697 680 1872 743 qualis,
1907 681 2182 746 cuifimilis:
2219 683 2362 727 immo

154 749 303 812 ipsum
331 747 441 795 illud
464 745 614 792 fimilis
641 742 724 791 esse
743 742 1039 804 Ulphilanum
1053 739 1306 807 stzmaIeik,
1341 745 1480 789 Mare.
1507 758 1591 803 14,
1633 748 1705 803 56.
1740 761 1762 790 a
1775 742 1876 805 [ἔπη
1905 743 1994 805 ipse
2024 747 2065 792 ὅ(
2091 745 2194 795 leik.
2262 749 2366 809 Jam

155 819 303 875 itaque
331 815 475 874 quivis
501 811 879 865 animadverterit,
915 809 1022 868 quid
1047 813 1108 858 lis
1132 811 1178 855 in
1208 809 1412 870 puerilis,
1446 810 1628 870 regalis,
1661 807 1827 867 senilis,
1863 825 2006 865 notet,
2041 813 2158 859 idem
2189 828 2365 873 nempe.

158 881 280 943 quod
307 879 372 931 lik
393 879 460 926 vel
483 879 549 944 lig
572 880 617 923 in
635 877 867 941 barnslig‚
901 874 1107 942 kongh'g‚
1141 875 1222 924 ὅτε,
1292 877 1374 921 Par
1404 873 1464 920 est
1491 891 1735 922 ceterorum
1759 879 1884 923 ratio.
1953 878 2127 935 Graece,
2158 894 2207 924 ut
2227 877 2366 924 modo

158 948 286 995 innui
298 985 317 1007 ‚,
343 947 527 1007 originis
549 944 751 990 Gothicae
778 941 1061 989 servantiores
1084 940 1230 996 fuere,
1263 940 1305 987 ὅ(
1328 956 1491 988 retenta
1510 939 1538 988 k
1559 942 1679 988 litera
1713 944 2066 990 terminationem
2099 941 2222 990 suam
2247 943 2370 989 addi-

161 1015 289 1062 derez
324 1013 485 1063 τηλίκος,
512 1009 675 1062 πηλίκος,
700 1014 837 1060 ἡλίκος,
867 1004 949 1055 cfr.
969 1013 1153 1060 α’λίγκως,
1180 1005 1345 1054 fimilis.
1427 1007 1608 1055 Addam
1639 1025 1803 1067 unum,
1834 1024 2070 1069 antequam
2098 1009 2212 1056 hisce
2243 1010 2370 1069 nugis

161 1079 352 1128 modum
380 1090 562 1136 ponam.
618 1073 766 1118 Habet
793 1075 967 1120 Latium
1007 1075 1122 1119 varia
1148 1075 1193 1118 in
1218 1085 1292 1120 ter
1319 1075 1516 1128 exeuntia
1542 1076 1832 1135 pronomina,
1867 1077 2012 1132 alter,
2045 1088 2168 1132 uter,
2203 1087 2371 1131 neuter,

161 1159 357 1208 quorum
385 1143 586 1203 primum
615 1138 669 1185 ab
691 1138 781 1187 alio
799 1135 965 1186 fafiium
995 1156 1126 1186 nemo
1150 1156 1240 1185 non
1268 1136 1395 1185 facile
1427 1137 1656 1200 perspicit,
1687 1140 1755 1187 scd
1782 1141 1889 1202 quid
1917 1141 1993 1188 fibi
2013 1140 2230 1202 posterior
2251 1142 2372 1188 vocis

162 1228 265 1276 pars
292 1221 361 1258 ter
386 1207 514 1265 velit,
547 1205 669 1251 haud
696 1220 817 1264 aeque
846 1204 1030 1260 constat,
1064 1203 1141 1250 nisi
1170 1204 1291 1264 quod
1320 1207 1366 1250 in
1386 1203 1560 1266 singulis
1582 1211 1636 1248 τῦ
1656 1223 1808 1255 eorum
1837 1209 2120 1269 aequipouere
2147 1209 2371 1255 videatur:

165 1278 275 1326 adeo
293 1291 341 1323 ut
358 1285 459 1322 uter
475 1272 526 1320 fit
544 1276 645 1336 quis
663 1285 815 1318 eorum
829 1306 839 1325 ,
871 1273 1014 1325 alter,
1047 1271 1172 1316 alius
1189 1284 1339 1317 eorum
1364 1268 1476 1330 (ubi
1495 1286 1654 1330 nempe
1672 1272 1925 1331 {impliciter
1944 1273 2132 1334 positum
2162 1275 2373 1334 occurrit)

164 1355 342 1398 neuter,
372 1338 524 1388 nullus
547 1352 715 1385 eorum.
751 1338 807 1381 Et
825 1336 911 1381 hoc
943 1351 996 1380 ne
1014 1336 1115 1395 quis
1146 1331 1244 1380 casu
1265 1330 1430 1380 fabium
1456 1333 1720 1393 arbitretur,
1758 1337 1974 1396 conspirat
1993 1342 2045 1386 L.
2064 1342 2237 1396 Graeca,
2277 1355 2376 1399 quae

166 1410 349 1458 eandem
366 1404 742 1456 terminationem,
772 1397 853 1447 suo
874 1415 1042 1447 tantum
1064 1421 1097 1447 ος
1125 1401 1171 1446 in
1189 1397 1274 1445 fine
1291 1399 1463 1456 addito,
1482 1399 1639 1447 habet.
1679 1402 1844 1460 “Eue-⁶·
1875 1405 2043 1461 mingo„
2078 1408 2256 1462 gango„
2298 1411 2377 1450 ⁸⁹35.

166 1501 262 1542 '⁶5⁰⁶
288 1474 371 1520 διε.
438 1472 610 1530 Lingua
629 1464 969 1527 Moesogothica
997 1467 1177 1527 gemino
1207 1466 1335 1527 plane
1373 1463 1497 1511 sensu
1523 1463 1595 1512 sua
1630 1467 1675 1510 in
1704 1462 1815 1512 thar
1849 1468 2074 1523 terminat,
2118 1481 2168 1512 ut
2193 1464 2378 1523 anthar,

169 1542 299 1597 alter,
334 1534 554 1592 Ῐιυαιήαν,
587 1549 696 1579 uter.
766 1535 821 1578 Et
837 1549 918 1578 nos
940 1533 1160 1591 hodieque
1179 1529 1385 1584 entlzera,
1420 1531 1648 1588 alteruter,
1681 1528 2026 1589 lzwilkembera,
2061 1546 2181 1589 uter,
2225 1535 2377 1598 ingen-

170 1607 326 1662 thera,
361 1617 526 1650 neuter.
596 1597 735 1662 Qtod
752 1615 856 1644 vero
876 1599 1032 1645 Graeca
1051 1600 1099 1643 L.
1120 1597 1162 1643 &
1186 1600 1289 1644 item
1307 1598 1458 1644 Latina
1477 1597 1640 1643 Gothis
1659 1594 1731 1643 sua
1759 1597 1940 1643 debeant
1954 1634 1964 1652 ,
2010 1598 2161 1643 exinde
2199 1596 2381 1645 manife.

171 1673 286 1721 stum
306 1669 365 1717 est
378 1701 391 1724 ,
426 1666 546 1728 quod
566 1663 697 1713 thera
716 1666 930 1726 genitivus
951 1664 1065 1725 plur.
1095 1665 1376 1725 pronominis
1395 1661 1498 1711 then
1518 1663 1637 1725 apud
1657 1680 1738 1709 nos
1759 1661 1870 1710 solos
1890 1661 2110 1710 refiduum
2129 1662 2203 1723 {it3
2237 1665 2381 1711 dixere

175 1741 294 1786 enim
313 1737 502 1783 maiores
530 1730 679 1788 nostri,
705 1746 762 1776 ut
783 1748 833 1777 ex
856 1731 1027 1792 legibus
1057 1732 1223 1791 patriis,
1258 1747 1335 1776 nec
1352 1746 1440 1776 non
1459 1729 1676 1776 historicis
1694 1726 1866 1790 scriptis
1885 1728 2072 1776 constat:
2098 1732 2216 1795 gods
2234 1728 2380 1789 thera,

173 1807 293 1853 bona
311 1818 491 1857 eorum,
526 1796 656 1847 thera
671 1794 816 1861 skip,
853 1813 1012 1844 eorum
1042 1813 1169 1843 naves
1188 1797 1271 1844 ὅτε.
1355 1799 1424 1842 Sic
1445 1812 1648 1856 quoque,
1698 1797 1808 1842 dum
1834 1796 1955 1856 apud
1986 1796 2154 1861 Festum
2181 1796 2381 1858 legimus,

175 1873 383 1922 Ennium
410 1880 659 1925 veteresque
687 1864 822 1919 alim,
877 1880 963 1924 pro
997 1879 1118 1914 eum,
1170 1860 1269 1925 fi‘m
1297 1861 1465 1919 dixiffe,
1513 1861 1555 1909 <St
1563 1859 1668 1926 sos,
1704 1862 1803 1908 loco
1824 1878 1922 1909 eos:
1979 1864 2192 1909 rationem
2211 1864 2382 1923 antiqui

177 1939 308 2001 hujus
326 1932 537 1995 loquendi
567 1932 735 1993 generis
764 1926 892 1976 facile
930 1930 1246 1986 invenerimus,
1287 1927 1318 1976 fi
1345 1928 1482 1974 modo
1512 1926 1752 1985 succurrat,
1796 1926 2120 1988 Moesogothos
2145 1931 2309 1990 pariter
2332 1946 2382 1977 ae

179 2003 395 2056 blandos,
431 2016 516 2062 Pro
542 2002 603 2055 is>
634 2012 710 2054 W»
744 1995 816 2054 id,
852 1992 1091 2057 dixiffeffiv
1107 1993 1166 2059 sb
1194 1994 1260 2042 vel
1283 1992 1363 2056 lit,
1405 1992 1525 2042 that.
1588 1997 1711 2041 Dum
1745 2011 1883 2055 porro
1916 2009 2102 2052 veteres,
2145 1995 2382 2057 prisciano

178 2067 306 2122 teste,
337 2068 418 2129 fif,
453 2067 562 2119 mil,
595 2060 774 2126 prose,-
808 2077 897 2116 me,
932 2061 998 2107 vel
1008 2059 1083 2122 fici
1094 2092 1107 2116 ‚
1141 2064 1249 2120 mei,
1283 2058 1749 2121 usurpaffeleguntur,
1785 2077 1875 2105 non
1908 2060 1955 2106 id
1984 2059 2171 2108 insolens
2197 2061 2382 2121 putabit,

179 2137 258 2197 qui
279 2133 518 2181 Gothicam
540 2125 795 2175 affinitatem
814 2129 1060 2188 agnoverit:
1100 2128 1161 2188 fis
1179 2124 1327 2192 miſjb,
1357 2129 1467 2175 Luc.
1489 2141 1532 2183 2,
1556 2140 1629 2185 15.
1657 2126 1775 2187 apud
1794 2126 1937 2185 Ulph.
1956 2124 2015 2171 est
2034 2130 2151 2174 inter
2159 2125 2241 2189 fi:
2272 2125 2388 2190 afar

182 2206 269 2251 mis
306 2203 446 2246 Marc.
470 2211 513 2255 Ι,
540 2209 598 2255 17
631 2209 752 2240 notat
773 2196 870 2258 post
890 2208 972 2241 me.
1040 2192 1139 2239 Nifi
1162 2193 1353 2246 limites,
1388 2209 1500 2251 quos
1527 2193 1639 2237 mihi
1660 2189 1919 2252 praescripfi,
1951 2191 2044 2253 jam
2071 2192 2240 2238 dudum
2270 2208 2385 2239 tran-

180 2265 392 2321 siliiffem,
429 2259 794 2313 demonstrarem,
837 2260 1075 2305 latinorum
1113 2258 1186 2306 illa
1239 2257 1454 2313 obsoleta,
1495 2261 1622 2321 quio,
1661 2255 1777 2321 bito,
1818 2252 1966 2312 hetta,
2011 2272 2167 2313 verva,
2209 2258 2386 2323 (ψωθία,
2427 2264 2447 2272 -.

183 2333 304 2397 apud
324 2331 529 2381 Nonium
552 2329 825 2390 Festumque,
856 2342 935 2371 nec
953 2341 1044 2371 non
1051 2322 1284 2384 formido,
1303 2322 1475 2385 stum,
1495 2321 1691 2384 senium,
1726 2337 1927 2378 annena,
1950 2333 2231 2388 portentum,
2257 2341 2387 2388 proe.

184 2403 392 2452 varicem
423 2396 465 2442 ἃ
486 2394 679 2455 plurima
698 2391 780 2438 alia
799 2390 1001 2436 Gothicae
1021 2387 1102 2435 ess'e
1125 2391 1326 2451 originis.
1392 2390 1460 2434 De
1481 2387 1661 2434 vocibus
1678 2386 1822 2449 fullo,
1853 2402 1983 2447 atque
2009 2394 2250 2438 communis
2281 2408 2388 2438 non.

185 2466 304 2514 nulla
321 2482 345 2511 a
374 2461 610 2526 Sotbergio
631 2473 731 2504 meo
751 2455 875 2501 allata
902 2452 1020 2502 infra
1051 2457 1346 2516 reperientur,
1390 2470 1495 2509 cum
1523 2453 1683 2513 quibus
1714 2450 1908 2501 conferri
1937 2456 2089 2513 velim,
2131 2472 2226 2515 quae
2259 2456 2389 2504 habet

186 2528 545 2581 Stiernhielmius
583 2527 630 2572 in
672 2520 811 2571 Gloss‘.
847 2538 894 2584 p.
924 2536 1003 2585 79.
1031 2522 1075 2583 *)
1124 2520 1168 2568 ὃ(
1202 2539 1250 2569 ex
1285 2522 1366 2569 illo
1404 2517 1636 2587 Hickqfius
1671 2523 1718 2568 in
1753 2517 1890 2571 Thes.
1930 2538 1975 2583 p,
2003 2530 2086 2584 48,
2141 2523 2386 2574 Grammat-

186 2594 470 2659 Moesogoth.
2421 2590 2433 2601 ε

2305 2656 2389 2706 Sed

247 2819 288 2872 ²¹¹)
316 2817 415 2859 Sistit
440 2818 493 2857 ibi
507 2813 778 2856 Stiernhielmius
801 2810 1089 2866 parallelifinum
1116 2809 1409 2862 Coniugationis
1433 2809 1601 2850 Gothicae
1630 2824 1721 2850 cum
1748 2812 1900 2860 Latina,
1935 2797 2110 2863 exemplo
2135 2811 2237 2852 vocis
2264 2810 2388 2862 haban,

306 2884 446 2925 quem,
478 2873 568 2923 quia
594 2867 692 2910 hisce
718 2865 853 2908 nostris
878 2864 1151 2906 confirmandis
1176 2862 1372 2916 insigniter
1407 2862 1607 2911 conducit,
1630 2863 1880 2917 subiungam:
1930 2912 1932 2914 v

2288 2916 2393 2957 Halm
