2473 3380
310 124 416 177 DE
451 121 710 178 CODICE
745 122 1058 176 ARGENT.
1090 124 1200 176 'ET
1221 126 1588 178 LITTERAT.
1620 120 2078 186 MOESOGOTH.
2192 152 2290 198 209

1028 238 1064 294 ς.
1131 240 1327 288 xxvm'.

125 353 129 356 -
203 319 408 373 Vidimus
437 337 483 365 ex
513 316 622 378 illis,
653 337 748 382 quae
776 321 964 369 breviter
987 323 1112 371 allata
1138 321 1257 380 sunt,
1294 324 1471 381 Gothos
1498 323 1664 372 nostros
1687 325 1863 376 Ebraeos
1883 329 1983 369 ’aava'
2001 327 2096 370 πέδω
2115 334 2282 385 secutos

68 380 217 444 fnisse,
252 386 356 432 dum
375 385 495 446 sequi
513 402 737 448 poterant,
776 391 1005 450 qoumque
1028 391 1125 437 illos
1156 389 1382 436 destituere
1403 394 1631 452 peregrina
1663 392 1870 442 elementa
1901 396 2169 458 litterarum,
2204 404 2281 451 do-

68 451 240 498 mestica
259 449 532 501 substituisse.
599 457 734 500 Nunc
761 454 945 502 stristim
975 455 1077 502 cum
1100 455 1304 502 Gothicis
1326 457 1503 503 Graecos
1531 459 1866 519 contendamus,
1899 461 2054 521 visuri,
2090 469 2198 526 quid
2219 471 2280 515 in-

67 529 136 564 ter
169 533 244 562 eos
270 520 517 576 conveniat,
550 520 596 564 in
625 537 714 580 quo
744 520 978 571 diffideant.
1044 521 1234 569 Docebit
1262 538 1365 570 vero
1395 520 1567 571 schema
1591 523 1810 586 nostrum,
1846 527 1900 578 ab
1925 529 2055 578 initio
2081 535 2180 596 pari
2205 551 2282 583 eos

15 602 21 603 ff
61 580 184 646 paffu
206 583 428 633 ambulare
447 585 532 632 hoc
553 586 734 632 ordine:

664 669 690 698 a
964 679 992 702 οι

665 717 694 764 b
962 736 989 777 β

665 801 696 845 g
961 810 992 839 ν

665 850 695 896 d
969 860 995 900 ἃ

661 931 686 960 e
965 938 981 960 ε

58 1001 186 1048 Sexto
205 996 303 1044 loco
322 998 514 1043 occurrit
533 997 753 1059 digamma
770 998 1016 1048 Gothicum
1036 1000 1110 1049 seu
1128 1014 1187 1066 qu
1200 1037 1211 1059 ‚
1245 1000 1346 1061 quo'
1358 1017 1499 1062 quum
1520 1005 1662 1052 Graeci
1682 1023 1773 1054 non
1799 1006 1944 1059 solum
1962 1026 2177 1072 carerent,
2207 1012 2279 1065 sed

60 1068 191 1112 etiam
210 1064 294 1110 illis
311 1057 544 1112 ‘’¹⁶⁸4’05Wv'
567 1063 688 1122 esset,
722 1065 855 1114 huius
876 1066 976 1114 loco
993 1064 1162 1116 {nlo-xpm
1176 1084 1363 1128 ponere,
1398 1070 1611 1118 necessum
1629 1072 1842 1134 habuere,
1877 1078 1923 1124 i'n
1949 1079 2110 1140 primis
2135 1097 2278 1141 quum

59 1133 138 1191 qui
157 1144 220 1190 27
240 1127 390 1190 figuris
408 1130 680 1192 indigebant,
717 1149 807 1179 non
826 1132 903 1178 nisi
925 1148 1011 1195 24,
1027 1132 1031 1139 '
1045 1131 1174 1179 aufto
1196 1135 1325 1180 etiam
1345 1133 1443 1195 post
1470 1136 1638 1184 bellum
1656 1141 1908 1190 Troianum
1934 1144 2178 1192 litterarum
2199 1164 2278 1193 nu·

57 1213 207 1257 mero,
238 1193 515 1258 poffiderent.
585 1200 689 1244 Hoc
706 1213 852 1245 autem
870 1201 996 1258 quale
1013 1198 1068 1245 ab
1096 1199 1224 1254 initio
1244 1197 1398 1259 fuerit,
1431 1200 1537 1249 mox
1564 1203 1874 1265 disquiremus.
1941 1204 2150 1270 Sequitur
2168 1229 2275 1276 ergo

69 1270 75 1275 '
160 1283 162 1286 ·
185 1283 189 1287 -
546 1264 547 1267 ’
658 1280 721 1324 qv
850 1282 853 1285 ·
921 1261 1088 1313 &nlo-nm»
1158 1264 1160 1266 ’

668 1346 693 1375 z
966 1329 1002 1380 ζ.

54 1394 192 1457 Apud
211 1394 388 1442 Gothos
408 1398 496 1442 iam
519 1395 549 1445 h
569 1396 720 1442 locum
737 1395 888 1453 habet,
923 1412 1068 1456 quum
1093 1412 1198 1444 vero
1226 1397 1349 1459 apud
1377 1399 1554 1445 Graecos
1585 1402 1804 1449 citeriores
1831 1402 1942 1451 illud
1967 1407 2011 1452 in
2030 1407 2272 1460 litterarum

54 1477 241 1508 numero
262 1479 349 1507 non
369 1461 489 1518 esset,
523 1464 627 1509 hinc
651 1476 669 1503 η
694 1464 761 1510 vel
781 1465 829 1511 H
848 1460 1160 1527 reposuerunt,
1195 1462 1250 1511 de
1276 1480 1365 1526 quo
1397 1482 1446 1514 ea
1473 1465 1696 1528 valebunt,
1732 1485 1827 1531 quae
1855 1473 1894 1531 §.
1915 1473 2057 1522 XXVI
2080 1475 2134 1524 ad
2160 1476 2272 1526 hanc

18 1569 19 1573 ,
53 1526 245 1576 litteram
263 1530 588 1580 annotavimus,

655 1596 690 1641 h

654 1661 706 1737 th

657 1858 676 1904 l

656 1939 706 1972 m

548 2055 555 2059 ἱ
579 2006 581 2009 ’
655 2007 686 2036 n

54 2078 163 2141 Jam
168 2075 198 2140 j
223 2073 394 2124 sibilans
421 2069 739 2134 apudsGothos
778 2070 1000 2134 sequitur,
1030 2087 1118 2133 pro
1149 2089 1241 2132 quo
1270 2073 1577 2127 succedaneam
1597 2078 1740 2130 Graeci
1771 2081 1964 2133 litteram
1992 2084 2219 2152 duplicem
2246 2089 2270 2138 ξ

55 2143 349 2203 collocarunt,
381 2139 737 2216 commodiorem
754 2139 860 2188 alibi
878 2138 1025 2186 sedem
1045 2155 1136 2186 non
1158 2141 1446 2194 inventuram.
2248 2151 2251 2154 ”

652 2224 668 2271 J
954 2206 975 2251 ξ

655 2290 689 2322 u
956 2287 973 2308 ο

973 1609 994 1633 n

973 1663 1005 1700 3·

653 1743 673 1772 1
975 1740 989 1761 e

652 1791 687 1837 k
973 1803 997 1825 κ

974 1861 1000 1890 λ

977 1941 1009 1975 μ.

963 1996 996 2026 ‘n

955 2355 1000 2380 ’ἴα

54 2393 252 2465 Locum,
283 2407 362 2467 qui
379 2403 600 2468 sequitur,
628 2404 751 2468 apud
771 2404 948 2454 Gothos
974 2420 1123 2454 tuetur
1146 2404 1248 2472 tsk,
1280 2407 1468 2456 alterum
1486 2409 1748 2460 Graecorum
1774 2410 2115 2480 offendiculum,
2149 2415 2267 2472 unde

55 2468 105 2521 u't'
130 2471 263 2589 {emet
284 2473 560 2587 {xpedirenq
607 2488 744 2535 utque
772 2472 1032 2523 Gothorum
1065 2476 1384 2526 arithmeticam
1410 2475 1454 2527 &
1479 2476 1724 2530 litterarum
1751 2476 1908 2536 seriem
1934 2481 2056 2548 sequi
2081 2486 2266 2552 possent,

55 2556 132 2596 ean
166 2555 237 2588 em
258 2556 282 2587 a
315 2555 545 2604 optarunt:

639 2603 716 2655 tsk
918 2604 1085 2659 ἔπῖσημο»

673 2690 699 2721 r
985 2688 1006 2725 e
1037 2727 1040 2729 Α

648 2784 657 2790 t
673 2755 695 2785 S
988 2754 1015 2776 f

674 2818 695 2850 t
985 2821 1012 2845 «ι-

677 2883 708 2916 v
992 2887 1014 2911 ιο

1187 2942 1279 2991 Dd
2199 2950 2263 3002 fo
