2473 3380
188 156 286 214 196
872 170 875 173 -
918 128 1389 186 DlssERTATm
1424 128 1661 204 emam,

185 260 392 309 ultimam
410 251 518 301 huie
535 248 664 313 operi
682 263 863 297 manum
890 251 1008 306 1671
1038 245 1307 306 imponeret,
1337 256 1423 289 tres
1444 243 1486 289 &
1506 242 1772 305 septuaginta
1789 237 1926 293 annos
1947 229 2222 305 compless'et‚
2252 239 2295 290 &
2310 237 2403 308 Jffi

186 330 288 376 nius
302 356 315 381 ,
350 324 396 368 in
417 323 561 367 lucem
581 316 723 363 editus
743 331 857 361 anno
885 328 903 358 1
917 328 974 369 59
988 327 1026 367 1,
1058 310 1226 369 aliquot
1243 308 1364 355 annis
1384 323 1486 354 natu
1506 310 1648 355 maior
1667 307 1790 366 esset,
1824 327 1965 369 quum
1985 308 2251 356 Dordrechti
2275 314 2367 357 166
2373 322 2401 369 ς
2445 332 2452 335 ἡ

187 390 265 440 sua
282 385 517 453 evangelia
537 380 734 440 Gothica
752 378 919 440 publici
948 378 1055 424 iuris
1086 373 1265 431 faceret,
1302 389 1351 419 ut
1377 374 1488 420 adeo
1513 389 1602 420 non
1625 375 1824 435 potuerit
1848 393 1961 432 non,
1997 376 2041 421 id
2061 375 2313 421 humanitus
2337 391 2405 421 ac.

188 458 358 512 cidere,
390 469 441 499 ut
459 451 697 497 amborum
717 443 854 490 oculis
873 456 969 489 aetas
998 441 1205 488 nebulam
1237 438 1491 496 obduxerit,
1524 456 1602 485 nec
1629 439 1872 498 voluerint,
1906 438 2120 502 fugientes
2149 438 2404 486 vetustihu-

187 527 258 572 ius
278 520 441 570 codicis
459 517 603 576 apices
623 508 848 568 segiando,
883 524 1033 554 tenues
1064 507 1244 553 luminis
1264 506 1468 564 reliquias
1489 504 1704 555 hebetare.
1770 508 1838 551 De
1863 504 1994 552 semet
2021 504 2195 552 testatur
2217 502 2407 570 Junius,

188 592 237 637 in
258 588 406 650 operis
429 579 722 632 dedicatione,
751 572 793 620 se
819 592 910 621 non
938 573 1015 620 nisi
1044 589 1106 622 ex
1133 569 1373 638 improvifh
1401 567 1546 632 ipsum
1576 585 1873 634 prototypum
1901 572 2040 617 oculis
2067 569 2309 632 usurpass'e,
2343 571 2408 616 id-

191 673 279 716 que
297 646 567 699 hauddubie
586 642 705 705 apud
726 639 783 689 V
776 643 949 709 offium:
979 637 1049 692 sed
1070 638 1298 685 verisimile
1326 652 1472 684 tamen
1500 635 1583 694 est,
1617 653 1744 693 eum,
1779 651 1990 695 tanquam
2019 650 2213 682 veterum
2241 637 2408 698 lingua-

188 738 292 769 rum
313 711 648 779 peritiffimum,
682 724 732 752 ea
761 705 982 754 occafione
1011 703 1163 751 sedulo
1188 702 1338 760 usum,
1374 703 1492 761 loca,
1529 719 1623 762 quae
1649 704 1694 747 in
1722 699 1983 763 apographo
2011 700 2143 748 dubia
2177 698 2324 758 fuere,
2353 700 2409 749 ad

190 779 416 836 πςυτᾶτυπον
445 773 647 839 exegisse,
683 772 725 819 ὃ(
744 774 803 819 ita
824 790 925 820 curn
945 770 1213 818 emendanda
1232 767 1471 826 annotasse‚
1505 783 1603 815 tum
1625 769 1739 815 varia
1758 768 1890 814 etiam
1918 765 2156 823 extricass'e,
2194 784 2290 826 quae
2305 767 2409 814 alio.

189 867 291 900 rum
310 849 446 895 aciem
471 841 684 904 fugerant.
752 841 810 886 Et
832 837 1041 886 haEienus
1067 854 1224 900 eorum
1251 836 1392 897 elogia
1420 833 1686 881 extendenda
1714 832 1926 889 arbitror,
1964 834 2041 893 qui
2060 829 2411 897 Junio‘laudem

191 915 396 976 exscripti
418 910 585 960 codicis
601 909 805 972 argentei
821 905 1045 958 tribuunt,
1078 904 1283 963 illiusque
1312 912 1358 948 in
1385 901 1472 948 hoc
1501 901 1638 948 stadio
1667 900 1903 946 exantlatos
1931 898 2102 945 labores
2131 898 2410 945 meritiffimis

189 981 397 1032 laudibus
416 977 616 1025 efferunt.
647 989 692 1021 v.
718 969 801 1022 Th.
820 966 1119 1033 Marqsclzalli
1147 968 1237 1032 obſs
1256 970 1302 1014 in
1325 969 1558 1032 evangelia
1581 964 1777 1016 Gothico
1806 983 1854 1026 p.
1881 973 1994 1026 389.
2030 965 2073 1010 ὅ(
2091 966 2321 1027 Anonymi
2347 961 2410 1013 T'

191 1049 334 1099 vader
354 1042 481 1106 onser
499 1042 644 1091 inxx
663 1036 773 1086 oude
795 1034 969 1100 Παγαὶ
986 1051 1037 1084 en
1056 1033 1236 1097 Nordfi’
1264 1035 1449 1090 Taelen,
1479 1035 1555 1094 qui
1578 1032 1770 1088 libellus,
1805 1032 1913 1077 dum
1939 1029 2017 1077 sub
2047 1029 2173 1091 prelo
2200 1027 2410 1079 sudabant

191 1111 429 1178 evangelia
452 1103 648 1157 Gothica
667 1106 815 1165 Junii,
846 1102 1113 1148 Dordrechti
1131 1101 1315 1160 prodiit.
1384 1094 1749 1148 Stiernhiea‘mz'us
1768 1097 1923 1143 eodem
1941 1095 2205 1158 apographo
2228 1098 2286 1142 ita
2302 1095 2405 1143 usus

194 1180 276 1236 est,
312 1193 374 1234 ut,
402 1172 524 1234 quod
544 1166 787 1217 conferenti
809 1166 996 1227 patebit,
1028 1163 1174 1226 ipsum
1196 1165 1394 1211 codicem
1413 1181 1731 1224 nonnunquam
1752 1159 2009 1220 consulerit,
2042 1162 2099 1218 ἃ,
2128 1177 2212 1222 pro
2230 1179 2276 1207 re
2296 1176 2407 1220 nata,

196 1265 221 1293 a
250 1246 446 1308 juniano
478 1234 682 1297 exemplo
711 1230 949 1280 recesseritz
995 1231 1089 1277 vide
1117 1231 1230 1280 Luc.
1261 1247 1302 1294 3,
1327 1238 1406 1293 38,
1449 1245 1497 1294 ¹7,
1519 1236 1660 1294 6324,
1706 1238 1749 1287 8,
1774 1242 1847 1288 30,
1868 1243 1950 1291 35·
1996 1242 2072 1289 14,
2096 1235 2170 1283 13·
2197 1242 2276 1286 19·
2309 1228 2408 1282 alia-

196 1329 282 1375 que
301 1308 428 1373 plura
444 1307 566 1364 loca,
597 1304 643 1348 in
669 1294 864 1366 Ulpllila
881 1298 1107 1364 illustrato
1131 1314 1222 1345 non
1243 1294 1412 1345 omiffa.

1175 1411 1213 1471 §0
1284 1410 1401 1458 XVI.

332 1510 390 1556 Et
406 1503 460 1554 sic
479 1498 605 1552 facile
627 1500 835 1568 explicare
851 1499 973 1558 licet,
1004 1499 1083 1560 qui
1099 1496 1195 1545 fieri
1213 1497 1426 1560 potuerit,
1458 1509 1529 1553 ut,
1564 1494 1645 1544 ubi
1664 1512 1688 1543 a
1716 1507 1832 1544 teitu
1857 1491 2062 1556 originali
2087 1489 2305 1542 divertunt
2321 1494 2413 1543 ant-¹

196 1577 363 1627 borum
382 1574 611 1627 editiones,
639 1569 814 1615 eosdem
831 1568 958 1629 plane
977 1582 1145 1613 errores
1167 1563 1453 1620 committant,
1477 1564 1520 1611 ὅ(
1535 1563 1707 1609 easdem
1724 1562 1883 1610 litteras
1901 1558 2128 1607 exhibeant
2148 1562 2415 1609 Dordrechti

200 1647 362 1710 Junius
381 1640 423 1687 ὅ(
442 1636 640 1684 Holmiae
657 1633 1043 1698 ,Stiernlzielmiuh
1111 1634 1163 1678 In
1182 1633 1244 1678 rei
1276 1629 1410 1676 fidem
1437 1629 1468 1676 fi
1497 1628 1707 1676 nonnulla
1725 1625 1989 1690 allegavero,
2019 1644 2114 1672 rem
2145 1643 2215 1672 me
2240 1644 2330 1673 nou
2349 1626 2413 1674 in-

201 1724 370 1772 gratam
397 1703 551 1755 leam-'1
583 1697 810 1764 fafiturum
840 1698 982 1761 spero.
1024 1700 1137 1746 Luc.
1159 1710 1205 1756 9,
1242 1711 1312 1757 50,
1352 1694 1598 1742 mantissam
1629 1694 1846 1755 quandam
1881 1693 2012 1740 habet
2041 1691 2176 1739 verfio
2206 1693 2415 1752 Gothica,

202 1790 335 1836 quam
356 1771 474 1818 nulla
492 1783 731 1814 ceterarum
743 1765 986 1812 versionum
1005 1761 1198 1825 agnoscit
1210 1795 1222 1816 ‚
1253 1762 1369 1808 nulla
1386 1778 1564 1822 patrum
1582 1776 1728 1807 catena
1746 1761 1918 1821 attingit
1929 1797 1941 1817 ‚
1974 1776 2050 1805 nec
2069 1760 2113 1804 in
2131 1759 2230 1804 ullis
2251 1758 2411 1806 biblio-

202 1857 310 1888 rum
332 1835 540 1896 exemplis
565 1831 615 1892 (fi
633 1849 656 1878 a
676 1833 810 1878 veteri
836 1828 1027 1877 verfione
1047 1830 1199 1888 Italica·
1215 1825 1470 1889 disceiseriS‚
1505 1827 1558 1873 de
1580 1843 1663 1885 qua
1682 1823 1854 1872 consule
1882 1825 2121 1873 relationes
2143 1824 2413 1891 Gottingen·

188 1904 292 1972 fis,
332 1903 528 1949 Tom.1.
570 1896 732 1945 Fascic.
757 1900 835 1945 III.
877 1912 926 1956 p.
951 1896 1048 1956 60.)
1080 1908 1328 1954 comparet,
1373 1893 1507 1938 huius
1536 1889 1701 1939 sensus:
1742 1885 2010 1942 Niainslmn
2038 1890 2127 1940 auk
2155 1895 2216 1940 ist
2238 1907 2412 1951 manne,

187 1970 292 2038 finci
310 1973 359 2018 ni
372 1965 660 2034 gawaurkjai
677 1958 802 2011 maht
820 1966 867 2011 in
885 1966 1038 2010 namin
1059 1964 1354 2008 meinamma:
1384 1959 1470 2005 hoc
1488 1956 1573 2013 est,
1604 1974 1736 2004 nemo
1766 1956 1825 2003 est
1847 1957 2105 2014 hominum,
2136 1959 2213 2017 qui
2238 1974 2329 2004 non
2346 1955 2411 2006 fa·

203 2040 287 2088 ciat
304 2033 547 2098 potentiam
566 2029 633 2076 vel
652 2028 861 2076 miracula
881 2030 925 2073 in
945 2028 1124 2074 nomine
1143 2043 1260 2074 meo.
1330 2028 1439 2070 Haec
1460 2023 1588 2070 verba
1605 2024 1723 2081 licet,
1757 2024 1937 2085 perinde
1955 2039 2003 2069 ac
2021 2037 2157 2069 cetera
2176 2039 2416 2083 contextus,

205 2104 347 2154 oculis
365 2100 495 2148 obvia
513 2098 556 2143 ὅ(
576 2095 788 2142 evidentia
808 2094 906 2150 tint,
942 2093 995 2140 ab
1013 2090 1275 2152 exscriptore
1294 2106 1438 2137 tamen
1465 2089 1619 2136 omiss'a
1645 2088 1765 2148 sunt,
1798 2090 1916 2136 haud
1935 2089 2086 2146 dubie,
2121 2106 2174 2135 ne
2196 2088 2413 2137 diverfitas

203 2171 296 2220 haec
315 2186 340 2214 a
367 2180 484 2213 textu
504 2164 682 2215 Graec0‚
715 2160 919 2208 versionis
940 2159 1139 2206 Gothicae
1165 2159 1231 2204 vel
1259 2159 1453 2219 pretium
1482 2159 1699 2202 minueret
1725 2156 1792 2202 vel
1816 2154 1949 2202 fidem
1980 2156 2179 2216 elevaret«
2245 2156 2412 2204 Eadem

204 2238 297 2286 haec
316 2234 371 2281 ab
389 2228 607 2279 ambobus
626 2226 868 2273 editoribus
891 2227 1105 2287 praeterita
1130 2224 1533 2273 animadvertimus·
1601 2225 1666 2269 Ex
1696 2221 1826 2269 simili
1853 2224 2022 2269 ratione
2039 2222 2280 2273 Derrerus
2303 2221 2414 2269 litte-

203 2305 390 2357 rariam,
433 2297 577 2344 dicam
601 2311 678 2350 an,
719 2294 842 2354 piam
866 2289 1070 2338 fraudem
1098 2292 1340 2352 committit,
1360 2284 1455 2353 Joh.
1478 2304 1522 2348 7,
1553 2304 1624 2349 52.
1660 2287 1760 2349 post
1791 2304 1924 2348 quem
1949 2286 2206 2335 versiculum
2231 2286 2414 2337 historia

205 2368 407 2419 aduiterae
433 2364 625 2421 incipere
643 2356 773 2408 soletz
806 2359 881 2404 ille
900 2375 1018 2415 vero,
1047 2372 1096 2403 ut
1114 2357 1231 2403 credi
1250 2353 1406 2417 poffet,
1424 2354 1630 2401 vetustate
1649 2353 1866 2413 sequentia
1882 2368 2099 2400 commata
2115 2354 2252 2401 deleta
2270 2350 2412 2413 fuisse,

207 2451 298 2483 non
317 2448 421 2479 vero
439 2428 492 2476 ab
518 2418 713 2490 Ulpbz‘la
732 2426 971 2486 praeterita,
1003 2421 1411 2483 quinquagesimum
1430 2422 1610 2467 tertium
1627 2419 1885 2466 versiculum
1902 2418 2074 2466 orditur
2089 2418 2410 2484 particubjah,

205 2500 370 2551 additis
390 2492 565 2558 punffls
580 2527 596 2553 5
627 2492 786 2538 lacunae
806 2489 939 2536 solitis
958 2490 1146 2536 indiciis.
1217 2487 1299 2534 Sed
1316 2484 1594 2534 manifestum
1614 2484 1693 2542 est,
1727 2503 1804 2531 nec
1831 2484 2017 2533 codicem
2038 2497 2302 2553 argenteum
2327 2486 2412 2550 jah

203 2565 317 2616 illud
337 2563 496 2612 habere
509 2595 521 2616 ,
554 2576 632 2604 nec
652 2553 844 2604 habuisse
863 2572 1081 2615 unquam,
1117 2571 1259 2614 quum
1284 2555 1396 2599 inter
1413 2549 1559 2598 versus
1579 2553 1743 2614 prioris
1763 2548 1973 2619 u7⁴1‘e{fitlz
2001 2552 2042 2599 ἃ
2061 2554 2212 2613 capitis
2233 2551 2412 2613 sequen-

205 2637 263 2684 tis
283 2628 514 2688 versusque
533 2624 782 2671 duodecimi
801 2617 932 2685 aftra
952 2639 1004 2666 ne
1024 2622 1152 2667 unica
1173 2619 1354 2680 quidem
1375 2619 1537 2674 littera,
1572 2618 1733 2664 nedum
1754 2633 1820 2665 tot
1845 2633 2063 2665 commata
2087 2618 2236 2679 locum
2265 2620 2413 2666 inven-

208 2715 305 2748 tura
333 2695 478 2743 essent,
547 2691 638 2754 Qi
666 2704 813 2735 autem
842 2689 928 2734 hoc
964 2685 1143 2733 evenisse
1171 2685 1377 2747 putabis?
1427 2688 1611 2747 Junione
1642 2684 1685 2731 ὅ(
1716 2682 2049 2734 Stiernhielmio
2077 2685 2410 2747 imputabimus,
2453 2701 2466 2704 ·

211 2764 332 2827 quod
351 2761 406 2808 ad
427 2775 506 2806 nos
526 2754 739 2803 fallendos
762 2752 1127 2816 conspiraverint?
1160 2755 1256 2813 Ego
1276 2768 1380 2798 vero
1394 2752 1587 2813 alterutri
1607 2751 1653 2796 id
1673 2751 1864 2797 accidere
1884 2748 2085 2813 potuisse,
2097 2767 2225 2813 nego,-
2241 2765 2411 2799 utrum·

213 2848 297 2892 que
318 2844 421 2875 vero
442 2821 556 2888 quafi
575 2841 624 2870 ex
650 2819 894 2882 composito
920 2837 999 2866 nos
1030 2819 1228 2879 decipere
1258 2815 1459 2873 voluisse,
1489 2833 1600 2879 puto
1627 2815 1967 2864 existimaturum
1998 2818 2233 2865 neminem.
2302 2818 2411 2866 Ma.

213 2887 476 2960 rcsthallm,
509 2892 583 2941 vir
610 2885 937 2946 eruditiffimus,
972 2887 1004 2937 1.
1028 2902 1061 2933 c.
1091 2902 1139 2950 p.
1154 2888 1254 2948 466
1274 2899 1442 2948 narrat,
1473 2882 1515 2931 se
1544 2901 1567 2934 a
1588 2887 1720 2950 Junio
1749 2882 1999 2947 quaefiviffe,
2034 2900 2088 2933 an
2113 2882 2204 2933 haec
2227 2875 2409 2934 historia

2220 2967 2221 2971 ’
2361 2967 2424 3004 im
