2473 3380
465 126 776 181 DISSERY.
811 123 916 176 DE
943 123 1204 182 VERBIS
1237 121 1899 178 MOESOGOTHORUM.
2193 139 2281 188 151

230 253 272 291 2.
308 238 558 297 haitainda,
593 238 708 296 dau,
741 240 975 286 vocemini.
1317 284 1319 286 .

330 305 658 358 confstqjaindau,
685 305 923 352 indicemini,
940 307 1031 348 Luc.
1045 303 1080 354 6,
1097 315 1159 352 370
1187 302 1445 358 daupjaindau,
1471 302 1734 356 baptizemini,
1761 302 2032 353 B=iarc.10,38.

232 374 273 420 3.
303 358 553 414 haitainda,
578 361 684 415 dau,
710 375 932 407 vocentur.

327 425 428 466 conf.
448 424 742 478 andhuljaindau,
768 425 995 468 revelentur.
1022 426 1165 473 Luca,
1182 436 1241 474 35.

273 495 460 555 Reliqua
486 512 713 558 tempora,
744 512 841 556 quae
860 496 925 541 vel
950 496 1002 541 ad
1022 497 1306 557 praeteritum,
1333 498 1401 546 vel
1420 497 1480 555 id,
1510 497 1629 558 quod
1646 493 1850 546 futurum
1870 494 1945 554 est,
1973 492 2177 558 spestan13
2199 511 2285 555 qun

71 561 239 607 ratione
261 562 380 621 apud
400 563 574 609 Gothos
595 580 676 623 per
693 561 963 624 periphrasin
983 565 1304 622 exprimantur,
1334 566 1421 611 iam
1443 582 1545 610 mox
1574 563 1720 612 sumus
1741 562 1925 620 digiuri,
1960 580 2074 609 nunc
2094 564 2176 608 tria
2195 578 2285 608 tan-

70 641 167 672 tum
198 626 324 673 verba
354 628 405 674 de
436 628 653 675 infinitivo
680 630 722 675 ὅ(
750 629 989 688 participio
1016 626 1177 687 paffivo
1209 626 1548 690 superaddituri.
1609 630 1747 694 Qiod
1776 647 1878 677 vero
1896 631 1950 677 ad
1969 629 2095 676 illum
2116 630 2284 683 attinet,

69 690 412 752 observaverint,
447 698 523 754 qui
549 695 744 741 codicem
763 708 1016 754 argenteum
1039 694 1315 751 evolverunt,
1348 695 1498 742 locum
1520 696 1637 742 illius
1661 695 1751 744 fere
1773 713 1987 758 occupare
2014 693 2285 741 infinitivum

67 756 281 814 affivum,
318 761 433 807 unde
460 761 684 818 videmus,
719 763 985 823 unvairpan
1013 775 1101 805 tam
1120 757 1318 818 abiicere,
1348 778 1482 821 quam
1505 764 1636 808 etiam
1662 763 1792 811 abiit-i
1823 763 2044 810 denotare.
2078 779 2118 813 V.
2135 763 2283 809 Marc.

73 839 115 884 3,
134 839 204 884 15.
226 826 268 872 ἃ
290 841 424 887 9,45.
462 831 713 893 usquiman,
743 825 941 872 occidere
965 825 1007 871 ὅ(
1027 824 1185 872 occidi.
1220 827 1381 874 Matth.
1400 843 1470 885 10,
1484 837 1563 883 28.
1598 832 1741 876 Marc.
1765 837 1808 886 8,
1825 843 1897 886 31,
1917 830 1959 875 &
1978 827 2033 874 sic
2054 829 2098 874 in
2117 827 2282 874 ceteris.

68 893 116 937 δί
134 892 297 938 mendo
318 909 455 940 careat
477 892 619 940 versus
635 907 698 952 45
736 893 886 952 capitis
907 891 1066 937 decimi
1099 893 1315 952 euangelii
1334 895 1514 951 Marci,
1541 896 1785 940 invenietur
1808 895 2039 954 peculiaris
2069 896 2112 939 in
2132 893 2282 954 lingua

64 955 391 1019 Rioesogothica
409 957 554 1005 forma
576 957 777 1004 infinitivi
797 955 959 1017 passivi.
995 957 1148 1005 Sanus
1168 964 1362 1007 mamni
1379 977 1513 1025 quam
1533 958 1882 1022 &andbahtjam
1899 960 1962 1008 ak
1981 957 2280 1019 andbahtjan,

66 1022 183 1070 filius
212 1024 406 1070 hominis
435 1043 523 1071 non
552 1026 667 1069 venit
686 1022 945 1078 ministrari,
979 1020 1049 1068 sed
1071 1022 1329 1073 ministrare.
1388 1028 1572 1074 Codices
1599 1025 1790 1088 impressi
1818 1043 1973 1073 omnes
1999 1024 2096 1071 heic
2121 1024 2281 1071 habent

65 1087 421 1153 atandbalztjan,
457 1088 527 1136 sed
547 1088 693 1151 ipsum
713 1090 933 1150 exemplar
951 1105 1204 1149 argenteum
1231 1089 1440 1153 praeferre
1459 1092 1825 1157 atandbabtjam,
1857 1091 2107 1140 observatur
2127 1092 2171 1136 in
2198 1090 2281 1140 Ul-

60 1154 191 1222 pln'la
216 1156 462 1220 Illzssrato.
520 1157 709 1202 Evidens
731 1173 834 1203 vero
855 1153 928 1211 est,
961 1155 1131 1215 aliquid
1150 1156 1248 1204 heic
1265 1154 1408 1217 fuiss'e,
1443 1161 1564 1220 quod
1585 1157 1815 1206 discrimen
1841 1156 1989 1206 fecerit
2012 1161 2122 1204 inter
2139 1167 2180 1207 τὲ
2200 1158 2282 1204 mi·

64 1220 242 1269 nistrare
270 1222 311 1269 δι
343 1221 598 1280 ministrari,
632 1221 708 1269 nisi
737 1223 909 1268 credere
936 1221 1144 1278 velimUS,
1177 1223 1277 1283 plus
1305 1242 1439 1285 quam
1467 1226 1742 1287 battologum
1770 1223 1898 1272 fuisse
1934 1222 2179 1292 Ulpln'lam
2199 1240 2282 1270 no·

61 1287 226 1338 strum}
263 1289 308 1336 id
328 1306 430 1336 vero
447 1304 600 1336 utrum
620 1290 664 1334 in
684 1304 728 1337 m
750 1287 882 1345 finali,
902 1305 954 1334 an
975 1288 1020 1333 in
1037 1286 1214 1349 praefixo
1233 1301 1284 1338 at
1305 1293 1586 1350 quaerendum
1605 1292 1668 1348 fit,
1689 1291 1975 1354 peritioribus
1994 1291 2281 1338 iudicandum

63 1356 264 1414 relinquo
278 1390 304 1415 ,n
324 1355 366 1403 ὅ(
385 1370 479 1402 tum
498 1358 697 1417 primum
719 1353 832 1400 forte
852 1352 1085 1408 constabit,
1120 1355 1197 1399 ubi
1226 1356 1354 1414 plura
1380 1359 1514 1403 huius
1537 1361 1590 1406 L.
1612 1374 1899 1404 monumenta
1925 1356 2015 1404 sors
2036 1355 2182 1403 favens
2203 1372 2279 1402 no-

62 1421 133 1468 bis
163 1419 561 1469 subministraverit.
618 1419 829 1477 Restaret,
863 1434 913 1465 ut
941 1419 992 1464 de
1021 1420 1266 1480 participiis
1295 1420 1466 1481 paffivis
1493 1423 1704 1470 nonnulla
1728 1424 2012 1481 adderemus,
2044 1422 2115 1469 sed
2138 1439 2280 1481 quum

62 1484 228 1534 diversa
260 1504 416 1533 eorum
447 1489 493 1533 in
522 1485 700 1548 singulis
719 1484 1103 1547 coniugationibus
1119 1481 1268 1533 forma
1285 1485 1358 1544 fit,
1393 1485 1481 1535 suis
1505 1506 1690 1551 quaeque
1710 1491 1819 1537 locis
1841 1489 2121 1536 commodius
2142 1489 2188 1535 in
2206 1489 2278 1536 ad-

59 1551 250 1601 ferendis
269 1550 556 1601 schematibus
581 1551 924 1615 comparebunt:
957 1567 1074 1597 nunc
1103 1566 1273 1599 tantum
1291 1552 1501 1602 leEiorem
1527 1573 1678 1603 meum
1707 1554 1933 1603 observare
1953 1555 2109 1614 iubeo,
2143 1571 2279 1616 quam

59 1619 240 1681 simplex
260 1616 396 1666 fuerit
414 1618 577 1667 vetusta
594 1620 855 1683 Scytharum
873 1618 1046 1679 lingua,
1079 1633 1330 1679 quantoque
1356 1622 1402 1667 in
1431 1621 1574 1669 verbis
1600 1621 1686 1670 suis
1713 1621 1983 1670 inHeEiendis
2010 1624 2189 1684 parcior
2215 1623 2278 1668 vi·

60 1688 162 1735 cino
181 1683 450 1736 Graecismoz
481 1703 572 1746 quo
593 1703 698 1733 vero
720 1685 827 1746 quid
848 1683 1111 1745 simplicius,
1145 1700 1198 1730 eo
1218 1683 1309 1732 fere
1328 1689 1550 1748 antiquius
1570 1687 1673 1746 effe,
1704 1688 1868 1738 assolet.
1938 1691 2153 1749 Quamvis
2172 1704 2277 1735 vero

60 1752 194 1801 verba
224 1769 380 1799 eorum
412 1751 569 1814 paffiva
597 1770 687 1799 non
718 1750 794 1799 nisi
821 1752 1003 1798 unicum
1023 1765 1199 1812 tempus
1219 1751 1403 1813 praesens
1424 1754 1679 1812 habuerint3
1711 1755 1821 1803 nihil
1839 1771 1983 1802 tamen
2003 1755 2088 1801 ffili
2108 1752 2278 1817 perspi·

60 1821 265 1868 euitatem
286 1819 386 1864 inde
404 1817 566 1880 paffam
585 1816 727 1877 fuisse,
763 1818 955 1864 invenire
974 1817 1093 1865 licet.
1162 1818 1299 1881 Qiod
1319 1836 1367 1867 ut
1386 1819 1570 1878 constet,
1603 1821 1707 1870 scire
1726 1822 1869 1881 iuvat,
1900 1836 1986 1868 tres
2004 1820 2085 1869 esse
2103 1821 2278 1879 modos,

61 1884 222 1947 quibus
249 1900 457 1945 tanquam
485 1883 754 1933 succedaneis
773 1881 931 1947 paffiva
948 1880 1203 1944 significatio
1228 1884 1510 1946 efformetur,
1545 1889 1587 1935 ἃ
1603 1892 1721 1937 varie
1745 1886 2035 1941 modificetur.
2102 1888 2278 1935 Primus

60 1951 140 2010 est,
173 1950 253 1998 ubi
269 1951 400 1998 verba
416 1953 638 1999 auxiliaria
655 1970 736 2014 per
757 1949 1030 2014 periphrasin
1049 1953 1293 2013 participiis
1310 1954 1516 2015 inprimis
1534 1954 1819 2003 &infinitivis
1840 1955 2150 2016 adiunguntur.
2170 1970 2209 2002 e.
2230 1969 2278 2015 g.

59 2017 315 2082 itfimdiths
332 2020 419 2075 im,
451 2017 602 2065 missus
630 2016 742 2065 sum.
762 2021 871 2066 Luc.
896 2032 936 2074 1,
963 2031 1036 2076 19.
1065 2017 1315 2084 gawafitlzs
1343 2037 1462 2079 was,
1495 2020 1672 2069 vestitus
1698 2037 1800 2070 erat.
1832 2021 1979 2071 Marc.
2004 2039 2044 2079 1,
2065 2025 2110 2070 6.
2138 2019 2278 2087 gado-

61 2085 187 2134 mida
201 2080 366 2140 wartlz,
400 2083 588 2131 iudicata
606 2081 677 2133 est.
704 2084 862 2131 Matth.
883 2098 901 2130 1
918 2098 955 2141 1,
975 2100 986 2130 ι
999 2099 1044 2143 9.
1077 2083 1230 2133 wartlz
1243 2083 1519 2152 gestaveram,
1536 2104 1711 2136 creatus·
1726 2086 1828 2148 fuit,
1863 2091 2157 2149 Marc02,27.
2187 2102 2277 2154 ga-

61 2165 255 2200 numans
273 2167 336 2197 we
351 2166 378 2206 ι,
414 2166 646 2210 conceptus
665 2150 776 2208 esset,
811 2153 920 2199 Luc.
933 2165 975 2207 2,
997 2163 1075 2199 21.
1090 2187 1092 2190 v
1107 2152 1401 2217 lingaidedun
1418 2153 1505 2215 jah
1525 2156 1753 2221 liugaidos
1773 2155 1940 2220 melun,
1973 2172 2129 2202 uxores
2149 2153 2277 2202 duce·

60 2218 187 2274 bant,
221 2216 265 2263 ἃ
285 2220 448 2278 nuptui
469 2215 696 2264 dabantur.
727 2219 837 2266 Luc.
855 2231 927 2280 17,
950 2230 1025 2275 27.
1060 2215 1231 2265 Skulda
1252 2220 1349 2282 wefi
1359 2218 1720 2285 goswikzmthjan
1733 2256 1745 2277 ,
1778 2218 2141 2267 manifestandum
2162 2217 2276 2264 esset.

60 2287 164 2331 Luc.
183 2296 255 2340 19,
274 2298 290 2330 1
306 2298 348 2332 Ι.
383 2280 511 2330 maht
531 2283 629 2348 west
630 2281 920 2349 frabugjan,
947 2282 1246 2330 venundatum
1267 2281 1425 2336 fuiffet.
1460 2289 1689 2349 Mare-14,
1708 2302 1752 2348 ς,
1787 2303 1882 2346 quae
1907 2285 2062 2332 ultima
2088 2285 2184 2332 loca
2207 2283 2276 2330 vel

61 2350 163 2397 ideo
182 2347 331 2404 affero,
361 2348 488 2409 ,quod
507 2348 676 2408 docent,
709 2350 919 2411 peculiari
940 2346 1167 2396 idiotismo
1188 2350 1277 2397 duo
1296 2350 1425 2398 verba
1444 2353 1671 2399 auxiliaria
1688 2355 1736 2399 in
1752 2355 1805 2401 L.
1826 2352 2019 2399 Gothica
2036 2350 2275 2411 aliquando

60 2416 420 2477 coniungi,prius
440 2417 486 2461 in
496 2417 748 2478 participio,
765 2416 948 2463 alterurn
967 2415 1013 2462 in
1023 2412 1293 2464 subiunstiva
1313 2414 1477 2467 forma.
1515 2419 1635 2466 Alter
1654 2419 1813 2466 modus
1824 2417 2025 2481 paffivam
2045 2419 2274 2465 notionem

60 2479 346 2531 substituendi
366 2480 446 2539 est,
480 2481 559 2530 ubi
576 2499 606 2530 n
629 2483 795 2531 ultimae
812 2481 936 2531 verbi
957 2479 1129 2546 syllabae
1147 2482 1412 2545 praefigitur,
1445 2487 1509 2533 uti
1529 2483 1753 2533 ostendent
1770 2483 1989 2546 sequentia
2007 2482 2207 2547 exempla

174 2561 418 2630 'Aflisnam
440 2562 665 2626 superesse,
700 2566 753 2615 ab
957 2565 1164 2633 afleiban,
1195 2568 1454 2629 relinquere,
1485 2569 1600 2618 unde
1622 2568 1778 2628 laibos,
1813 2569 2022 2630 reliquiae,

191 2629 498 2693 quhaunan,
540 2630 760 2681 {uffocari.
959 2631 1237 2699 asqkaujan,
1271 2632 1500 2690 suffocare,

189 2694 516 2762 Afflautlman,
551 2697 747 2758 percelli.
961 2697 1190 2764 afflahan,
1224 2717 1470 2763 percutere.

138 2761 139 2772 ¹
191 2762 513 2820 Andbindnan,
544 2762 669 2811 solvi.
958 2765 1233 2824 andbindan,
1261 2765 1440 2820 solvere.

193 2829 493 2896 Bfiulnjan,
525 2831 835 2896 contaminari,
875 2831 931 2881 ab
958 2833 1159 2884 inufitato
1172 2831 1389 2899 samjan,
1423 2837 1738 2889 contaminare.
1803 2833 1954 2886 Sueth.
1973 2830 2100 2901 sala.
2133 2836 2190 2885 A.
2220 2833 2268 2884 S.
2296 2888 2298 2890 ,

1120 2897 1289 2968 Λιῐὶαη,
1322 2902 1434 2952 Gall.
1451 2901 1599 2968 fider.

1589 3000 1596 3011 ·
2002 2965 2268 3033 Dislmiup-
