2473 3380
713 111 1644 172 ANNOTATIONES.
1833 161 1836 164 .
2189 140 2279 189 131

72 225 314 273 Arbitratus
342 222 461 282 sum,
491 224 544 272 ad
573 224 751 271 eandem
781 222 998 273 familiam
1031 225 1146 274 forte
1173 230 1392 289 pertinere
1408 230 1704 291 Ulphilanum
1732 224 1913 278 hamma
1941 232 1985 279 in
2005 230 2287 299 haihamma,

73 290 230 346 luscus,
260 292 398 337 oculis
426 293 623 347 vitiatus,
656 293 710 340 ab
732 289 836 348 hai,
868 294 990 353 quod
1013 292 1152 341 visum
1173 295 1386 342 denotasse
1409 294 1599 353 videtur,
1627 296 1670 342 ὅ(
1688 294 1817 352 llam,
1843 298 2024 348 vitiumx
2061 300 2175 351 conf,
2198 308 2286 350 An-

72 356 231 418 glosax.
252 356 355 413 lzizv,
383 356 543 417 forma,
563 357 735 420 species,
765 360 809 404 in
833 376 916 419 qua
936 361 1084 407 eadem
1106 361 1254 421 lingua
1275 360 1494 419 hamelan,
1513 365 1556 409 in
1578 380 1732 425 genere
1751 378 1870 408 notat
1888 365 2103 422 mutilare,
2123 370 2294 420 etiarnsi

69 439 275 483 tanquam
294 425 347 470 ab
367 422 471 472 liam
490 427 647 486 poples
669 440 838 483 ortum,
866 442 1057 472 vertatur
1085 445 1107 473 a
1134 429 1346 476 Somnero
1372 430 1564 491 poplites
1595 430 1724 475 alicui
1743 428 1990 490 praecidere.
2060 435 2282 483 Latiorem

69 505 181 535 certe
198 488 557 550 significationem
577 490 844 539 offendimus
864 494 908 537 in
930 494 1002 541 lsl.
1025 491 1178 540 l‘zamla
1191 510 1207 539 .·
1224 492 1380 541 hamla
1407 509 1455 543 ac
1474 495 1672 543 handum
1692 493 1970 557 ethafotzcm,
1991 495 2051 543 est
2077 500 2280 548 manibus

69 555 308 615 pedibusve
329 558 545 605 mutilare.
625 558 865 614 Tatianur,
899 557 975 603 ubi
999 573 1195 604 montem
1219 559 1408 606 calvariae
1425 562 1616 623 appellat
1635 559 1899 625 hamalstat‚
1930 563 2047 610 idem
2074 564 2153 622 est,
2185 584 2232 612 ac
2251 567 2282 614 si

68 620 228 668 diceret
249 623 414 680 locum,
435 623 513 670 ubi
533 638 789 671 truncantur
808 625 1025 672 homines.
1058 629 1126 669 An
1145 624 1231 670 huc
1250 627 1378 671 etiam
1401 631 1612 687 pertineat
1633 630 1677 672 in
1697 630 1827 675 citato
1839 631 1981 675 Marci
2001 630 2102 678 loco
2113 630 2282 695 samm,

69 688 191 746 quod
210 688 386 736 alteram
405 705 574 752 partem
597 689 818 737 constituit
839 692 957 736 vocis
980 687 1265 751 hanfamma,
1293 709 1383 737 non
1413 690 1509 739 satis
1537 692 1649 751 scio3
1685 694 1913 753 probabile
1933 711 2075 743 tamen
2096 700 2281 758 videtur,

67 754 274 814 inprimis
296 773 435 816 quum
457 758 568 802 inter
589 758 751 803 litteras
776 756 877 801 alias
898 759 1101 816 cognatio
1123 758 1265 802 maior
1285 774 1373 803 non
1394 758 1465 814 sit,
1490 775 1621 818 quam
1644 759 1853 821 interf&
1873 778 1914 808 w
1937 761 1997 821 '‘).
2068 766 2281 815 Videmus

67 836 117 864 ex
138 821 276 867 modo
295 823 456 880 allatis,
492 822 663 883 linguas
684 821 903 884 Scythicas
923 822 1080 883 duplex
1101 839 1144 870 m
1171 820 1297 869 finale
1328 840 1415 869 non
1444 825 1552 870 adeo
1573 825 1775 880 aversari,
1805 843 1851 872 ac
1879 843 2003 887 putat
2022 832 2280 881 Kmttelius,

68 886 298 933 Habemus
327 905 482 949 praeter
507 889 629 934 allata
657 890 702 933 in
741 888 890 933 codice
918 904 1121 949 argenteo
1137 886 1330 950 sivamm
1353 888 1556 951 spongia,
1587 891 1707 949 quod
1725 890 1910 937 similem
1929 898 2283 947 terminationem

67 952 214 1001 haber.
283 955 497 1004 Videmus
517 971 677 1014 porro,
707 951 924 1013 disparere
948 955 1183 1000 variantem
1206 953 1452 1013 legiionem,
1474 972 1605 1015 quarn
1631 973 1679 1001 ex
1703 956 1787 1003 hoc
1807 957 1906 1003 loco
1925 957 2141 1024 exsculpsit
2162 981 2282 1023 aeque

64 1014 297 1079 frivolam,
324 1038 372 1067 ac
404 1037 511 1081 quas
539 1019 669 1068 habet
695 1035 855 1067 ceteras
864 1056 878 1079 ,
909 1037 996 1068 una
1022 1020 1152 1068 litura
1182 1037 1335 1070 omnes
1363 1021 1449 1075 fine
1475 1020 1644 1085 jasium
1671 1023 1860 1074 veritatis
1894 1027 2148 1090 evangelicae
2178 1029 2281 1079 obe=

65 1084 214 1133 undas,
1649 1108 1652 1109 ’

1028 1158 1153 1208 CAP.
1220 1159 1320 1207 XV.

1085 1258 1125 1287 V·
1240 1273 1253 1290 ο

269 1307 374 1366 ww)
411 1305 515 1357 Swa
534 1307 620 1373 filu
648 1303 846 1370 auksme
859 1303 1232 1372 fauragamelitlz
1258 1305 1425 1366 wartb,
1456 1324 1726 1370 quaecunque
1757 1311 1874 1357 enim
1902 1308 2148 1374 praescripta
2168 1310 2281 1366 sunt.

65 1372 401 1421 Incommodam
433 1374 646 1424 Knittelii
669 1373 913 1419 versionem
933 1372 1216 1437 quodcunque
1235 1378 1351 1421 enim
1360 1375 1480 1438 ficut
1510 1387 1615 1422 ante
1626 1377 1855 1438 scriptum
1878 1393 1990 1434 erat,
2012 1378 2108 1424 heic
2127 1381 2279 1440 paulu-

67 1437 162 1483 lum
184 1440 529 1487 immutavimus.
601 1437 808 1506 Swaswe
827 1439 1048 1499 particulae
1070 1438 1167 1485 sunt
1188 1440 1388 1496 relativae,
1421 1442 1465 1485 in
1484 1441 1633 1487 codice
1654 1457 1857 1503 argenteo
1881 1439 2104 1507 saepissime
2131 1462 2284 1494 occur-

65 1519 228 1561 rentes,
259 1522 353 1565 quae
381 1523 430 1552 ex
456 1504 538 1553 asse
566 1498 831 1567 respondent
853 1503 1213 1568 'Anglosaxonicis
1223 1504 1329 1569 swa
1344 1506 1442 1570 swa
1476 1507 1518 1553 ἃ
1543 1508 1758 1554 Suethicis
1775 1506 1845 1569 sb,
1857 1506 1985 1573 sam:
2014 1527 2051 1558 e.
2069 1527 2109 1571 g.
2136 1514 2279 1562 Marc.

22 1628 27 1632 ,
58 1580 144 1626 ³10,
167 1585 243 1622 21.
278 1572 379 1620 Swa
392 1573 484 1640 filu
505 1570 596 1636 [we
624 1570 1044 1637 haltaisfrabugez‚
1075 1589 1347 1632 quaecunque
1366 1573 1520 1630 habes,
1540 1575 1688 1620 vende.
1723 1577 1858 1623 Marc.
1880 1590 1922 1636 3,
1947 1590 2017 1626 10.
2088 1576 2281 1642 lalzs'wa

65 1641 285 1704 managai
295 1636 392 1701 swe
419 1636 719 1688 habaidedum
743 1636 1047 1702 wmzdufizjos,
1079 1641 1331 1698 quicunque
1359 1639 1576 1686 habebant
1596 1641 1743 1700 plagas
1762 1639 1845 1701 '*),
1873 1641 1951 1687 ubi
1970 1641 2278 1703 Anglosaxoni-

64 1718 142 1748 cus
170 1705 383 1765 interpres
414 1705 544 1753 habet
550 1703 654 1768 swa
667 1705 771 1770 fila
781 1706 885 1768 swa
904 1703 1203 1766 untrumneffa
1227 1704 1433 1767 lza’fdon,
1463 1706 1566 1752 alias
1589 1703 1684 1765 siva
1706 1704 1869 1769 lzwylce
1880 1703 1998 1768 siva,
2032 1711 2139 1757 Luc·
2162 1725 2207 1766 9,
2238 1726 2282 1771 ς.

62 1771 327 1830 quicunque,
340 1768 445 1834 swa
463 1773 573 1837 lang
579 1771 691 1834 swa,
711 1770 1032 1836 quamdiu‚fi2a
1052 1767 1230 1835 ofcstla,
1254 1774 1445 1831 quoties,
1481 1789 1516 1820 ν.
1533 1773 1747 1821 Somneri
1769 1776 1870 1819 Lex.
1884 1773 2121 1820 Alemanni
2142 1775 2281 1825 simili

64 1835 274 1894 loquendi
304 1853 459 1896 genere
487 1841 758 1898 geminatum
773 1835 832 1900 sb
860 1836 1083 1899 usurpant.
1133 1837 1383 1895 Notkerus,
1403 1836 1474 1888 Ps.
1498 1854 1572 1898 50,
1593 1855 1639 1900 4.
1709 1839 1770 1887 So
1791 1843 1914 1888 uailo
1940 1842 2054 1901 (lege
2074 1842 2186 1903 vilo)
2205 1843 2283 1893 a'iz

64 1916 193 1951 mera
226 1901 318 1966 1,st
342 1905 463 1953 uuilo
484 1906 614 1966 (vilo)
631 1921 727 1954 mer
745 1904 880 1970 uuesg
898 1903 1003 1961 mih,
1028 1922 1120 1964 quo
1142 1906 1242 1967 plus
1263 1906 1467 1966 (peccati)
1491 1902 1634 1959 fuerit,
1667 1922 1719 1951 co
1739 1907 1883 1966 magis
1901 1923 1971 1952 me
1991 1907 2094 1954 lava.
2149 1912 2284 1970 Apud

38 2016 40 2018 ,
67 1967 312 2026 Otfria'um
339 1967 560 2031 saepiffime
590 1973 783 2019 occurrit
801 1971 850 2033 fi>
877 1968 1116 2035 huuerso,
1147 1973 1418 2032 quicunque,
1429 1970 1490 2034 fi>
1518 1969 1722 2034 massa,
1758 1973 2071 2033 quodcunque.
2141 1976 2285 2037 Ratio,

56 2051 200 2096 ,quam
220 2052 267 2098 p.
291 2051 386 2098 372
409 2037 543 2085 huius
564 2034 650 2084 suae
669 2039 1037 2100 interpretationis
1060 2038 1204 2084 reddit
1222 2038 1495 2095 Knittelt'us,
1527 2055 1616 2085 non
1644 2036 1717 2097 est,
1743 2054 1822 2085 cur
1843 2036 2082 2091 adferatur.

1095 2121 1134 2150 v.
1201 2120 1267 2163 9,,

271 2169 374 2228 xx)
410 2166 590 2224 Liutho,
607 2168 801 2219 cantabo.
849 2173 899 2214 In
918 2169 1066 2215 codice
1087 2184 1290 2229 argenteo
1309 2169 1468 2229 legitur
1485 2169 1743 2230 aiviliudon,
1761 2174 1918 2232 gratias
1938 2191 2078 2234 agere,
2101 2175 2282 2237 praefixo

69 2249 139 2283 aw
151 2247 171 2288 ‚⁶
204 2235 327 2292 quod
346 2234 574 2294 aequivalet
594 2235 673 2283 Gr.
694 2236 749 2294 ὦ,
778 2249 828 2281 ut
848 2235 893 2281 in
913 2234 1114 2300 awdags,
1143 2231 1266 2289 felix,
1294 2234 1415 2293 quod
1433 2236 1577 2282 Graeci
1597 2237 1746 2282 eadem
1763 2238 2095 2299 compositionis
2113 2245 2281 2290 ratione

66 2305 225 2361 εὸἦμεςρς
253 2301 413 2349 dixere.
482 2306 535 2350 A.
555 2303 599 2348 S.
621 2302 771 2365 eadig.
823 2300 892 2347 Al.
912 2299 1034 2365 odeg.
1058 2297 1291 2362 Otfi“idzts,
1320 2300 1419 2351 Lib.
1438 2304 1466 2347 I.
1498 2304 1608 2361 Cap.
1630 2301 1723 2358 VII,
1739 2315 1814 2362 35.
1846 2303 1889 2348 ὅ(
1913 2305 2034 2363 apud
2055 2307 2281 2372 Keroncm

67 2361 241 2424 otaker,
269 2366 386 2412 unde
403 2382 567 2412 nornen
586 2366 792 2416 Odoacer
811 2366 974 2414 derivat
993 2364 1262 2417 Schilterus.
1313 2374 1350 2411 A
1368 2365 1523 2415 liudon
1552 2367 1620 2412 vel
1638 2366 1814 2416 liuthon
1845 2366 2074 2431 supersunt
2091 2372 2285 2434 plurima

71 2432 282 2490 derivata,
319 2447 369 2479 ut
395 2430 466 2482 Iss‘.
493 2432 611 2487 liod,
646 2448 817 2488 cantus,
844 2431 1071 2496 lioa'fa’ri,
1108 2430 1445 2479 instrumentum
1475 2432 1702 2481 musicum.
1771 2435 1920 2484 Germ.
1952 2437 2064 2494 lied,
2092 2455 2283 2493 carmen,

72 2497 221 2546 Sveth·
248 2497 383 2560 (yda,
409 2496 587 2559 sonare,
614 2499 729 2555 Ιῇῑα,
759 2499 821 2547 id·
844 2489 1075 2560 AnglosaX.
1101 2496 1373 2557 hleotlzrian,
1401 2517 1565 2559 canere,
1583 2497 1699 2551 hlud
1713 2498 1911 2553 sonorus,
1979 2504 2052 2554 Al,
2069 2501 2193 2564 hlud,
2221 2507 2285 2561 id,

62 2566 184 2630 luta,
213 2561 356 2622 sonus,
373 2564 530 2622 timon,
547 2581 710 2622 canere,
736 2564 779 2612 ὃ(
799 2562 990 2613 sexceista
1007 2566 1102 2619 alia,

863 2648 866 2652 ’
1050 2679 1052 2681 ,
1126 2634 1166 2678 R
1203 2647 1233 2681 2
1590 2685 1596 2690 ,
2133 2647 2177 2687 v.
2202 2640 2283 2689 100'

58 2760 59 2763 =
127 2739 168 2791 ³⁴²)
191 2737 438 2777 Dofflffimus
465 2736 560 2779 Edv.
580 2738 651 2788 Lye
669 2740 710 2779 in
734 2739 866 2780 litteris
882 2741 931 2793 ad
949 2755 1013 2782 me
1031 2743 1126 2783 datis
1142 2743 1343 2783 arbitratur
1356 2744 1497 2783 hamma
1522 2745 1710 2796 &fhnzma
1725 2745 1810 2786 heic
1827 2745 1973 2785 solitam
1990 2746 2062 2785 effe
2081 2747 2282 2790 adieffivo·

179 2803 270 2840 rum
296 2792 336 2829 in
360 2791 473 2830 tertio
500 2788 585 2830 casu
610 2793 920 2833 terminationem
946 2796 992 2835 ab
1020 2795 1117 2836 haihs
1144 2797 1178 2835 <Sc
1205 2796 1331 2849 harfi:
1358 2810 1379 2837 a
1397 2810 1471 2850 qua
1490 2799 1670 2850 opinione
1686 2812 1767 2838 non
1784 2799 1958 2839 abhorret
1974 2799 2115 2852 linguae
2133 2804 2283 2853 genius.

180 2841 297 2883 Conf.
316 2842 409 2884 Diff.
428 2844 474 2883 de
492 2844 717 2885 nominibus
734 2845 866 2897 adjest.
887 2847 918 2896 §.
938 2860 980 2896 4.
1938 2882 1940 2884 -
2026 2880 2030 2885 s

126 2894 194 2947 **)
220 2896 419 2957 Interdum
428 2896 511 2948 swa
526 2896 584 2990 bi?
600 2899 767 2949 ponitur.
784 2911 815 2955 e.
834 2911 876 2951 g.
895 2900 1014 2942 Marc.
1028 2913 1062 2951 3,
1080 2908 1146 2947 28,
1183 2900 1454 2956 Naiteinosfiva
1469 2915 1633 2957 managos
1640 2901 1806 2957 sivafive
1826 2904 2097 2957 wajamerjand,
2120 2906 2283 2961 blasphe-

180 2961 268 2990 miae
283 2959 360 3001 tot,
380 2960 475 3004 quot
491 2963 559 3003 pro
578 2961 704 2997 ciunt.
