2473 3380
147 154 213 231 ὴ
808 123 1598 216 EVANGELIUM

138 292 231 339 34.
256 272 404 339 jabai.
435 273 496 323 St.
514 271 668 338 jadai.
696 272 746 338 l)
1144 289 1149 293 ·
1295 285 1372 333 34.
1411 273 1471 319 Si.
2030 323 2033 324 ⁷

155 358 233 405 35.
266 342 344 388 nih
372 341 431 388 du
459 341 616 388 aii-thai
642 344 707 390 ni.
742 342 807 401 m)
1086 356 1089 361 ·
1221 376 1226 387 ,
1291 352 1372 400 35.
1407 339 1506 383 Nec
1531 336 1585 384 ad
1613 336 1791 391 terram)
1828 353 1979 398 neque.

554 410 665 468 Cap.
690 411 789 453 XV:
1697 409 1806 467 Cap.
1842 407 1944 450 XV:

158 493 198 538 ς.
234 471 456 541 uslagjitlz
494 490 573 520 ana
608 470 788 519 amsans.
839 470 897 519 B.
925 469 1144 534 uslaujith.
1296 484 1339 530 ς.
1375 470 1569 531 imponit
1598 471 1642 515 in
1664 470 1886 519 humeros

152 551 200 594 6.
235 543 447 589 thammei
490 539 632 603 bigat.
669 540 727 600 n)
774 537 892 585 lamb
935 539 1054 584 mein
1096 538 1211 584 thara
1293 540 1338 584 6.
1375 538 1441 581 Eo
1477 536 1599 596 quod
1658 538 1803 584 inveni
1854 553 1984 584 ovem
2017 552 2161 585 meam
2199 527 2351 600 deper-

204 607 465 674 fralufimo,
504 604 573 672 *ἢ
669 623 673 627 ·
1356 603 1508 650 ditum.
1584 603 1588 606 ’
1729 610 1732 613 ’

150 689 195 738 7.
231 674 342 723 thau
374 677 419 720 in
450 668 769 721 niuntehundis
799 672 843 731 ο)
872 670 943 734 jah
967 671 1111 718 niune.
1292 682 1337 730 7.
1374 672 1520 731 Quam
1554 668 1612 715 ob
1645 671 1877 730 nonaginta
1907 671 1949 718 ὅ(
1978 688 2150 719 novem.

151 751 195 799 8.
230 740 427 788 aiththau
445 737 567 785 suma
589 740 726 798 quino
749 738 978 784 drakmans
997 736 1213 783 habandei
1295 743 1336 790 8.
1372 739 1460 781 Aut
1495 735 1692 795 quaedam
1727 737 1888 782 mulier
1922 737 2147 784 drachmas
2186 735 2352 784 habens

217 805 391 858 taihun.
451 805 579 870 jabai
621 803 688 871 p)
743 802 955 851 fraliusith
1011 803 1214 849 drakmin
1360 802 1531 858 decem,
1563 800 2033 862 siperditdrachmam
2051 820 2208 858 unam,
2248 816 2356 849 nort-v

216 876 446 923 ainamma.
505 874 582 918 niu
603 870 804 918 tandeith
830 869 998 920 lukarn.
1032 870 1116 933 'jah
1144 886 1215 918 us·
1359 886 1411 914 ne
1429 867 1621 914 accendit
1641 869 1883 926 lucernam,
1917 869 1959 916 ἃ
1981 872 2135 917 everrit
2154 870 2353 916 domum.

220 936 434 1005 haugeith
466 941 523 1006 q)
557 955 677 985 razn.

151 1010 211 1060 ib,
247 1006 526 1073 glaggvaba.
600 1005 671 1053 St.
703 1002 955 1065 glaggvaba.
1294 1000 1356 1049 ib.
1393 1004 1626 1058 Accusare.

153 1092 199 1134 9.
233 1075 367 1133 bigat.
394 1070 626 1121 drakmein
648 1073 694 1129 r)
716 1071 926 1115 thammei
944 1066 1150 1131 fralaus.
1171 1066 1216 1130 s)
1292 1083 1336 1125 9.
1371 1069 1519 1112 Inveni
1540 1067 1793 1113 drachmam
1816 1084 1947 1127 quam
1968 1066 2155 1128 perdidi.

156 1156 233 1193 10.
270 1137 422 1186 faheds
452 1137 669 1184 wairthith
699 1138 744 1184 in
770 1135 1051 1198 andwairthja
1082 1151 1216 1201 agge·
1298 1149 1371 1181 10.
1408 1133 1632 1179 Gaudium
1663 1135 1746 1179 erit
1775 1151 1922 1180 coram
1953 1134 2114 1195 angelis
2137 1135 2238 1183 Dei.

219 1210 259 1256 le
292 1210 330 1269 t)
360 1206 507 1268 goths.
590 1265 592 1267 ,

157 1289 235 1343 12,
272 1290 379 1326 atta„
409 1268 496 1337 gif
521 1273 608 1319 mis
638 1267 704 1332 sei
733 1265 842 1317 und}
855 1270 982 1316 immi
1007 1271 1093 1317 mis
1118 1267 1219 1318 dail
1300 1276 1372 1313 12.
1405 1266 1550 1322 Pater,
1586 1265 1640 1310 da
1679 1265 1815 1321 mihi,
1856 1281 1952 1325 quae
1989 1267 2203 1329 competit
2232 1264 2358 1323 mihi,

221 1337 473 1408 aiginffw)
1361 1346 1530 1392 partem
1569 1328 1856 1392 posseffionis.

160 1424 233 1471 14.
270 1409 447 1468 dugann
476 1400 722 1452 alatharba
750 1397 814 1464 x)
848 1400 1080 1447 *wairtham
1298 1413 1372 1459 14.
1409 1399 1570 1458 Coepit
1607 1394 1896 1459 egentiffimus
1933 1394 2044 1446 fieri.

2285 1475 2360 1522 15·

179 1560 2358 1589 W

209 1626 241 1676 l)
268 1628 359 1665 Vox
395 1636 465 1676 ope
483 1619 713 1673 typographi
748 1628 933 1669 corrupta.
1278 1635 1286 1643 -
1346 1649 1351 1657 ,

209 1680 265 1730 m)
289 1680 349 1719 Sic
369 1679 404 1730 J.
424 1686 459 1715 et
480 1677 520 1714 B.
539 1676 594 1715 St.
626 1673 708 1720 mh,
737 1671 844 1723 quod
870 1671 906 1711 h.
923 1671 947 1710 l.
970 1668 1124 1714 malim3
1153 1666 1265 1719 priori
1284 1676 1413 1706 autem
1432 1666 1477 1703 ui.
1496 1679 1530 1705 v.
1547 1662 1655 1716 supra
1684 1676 1718 1706 e.
1745 1670 1777 1711 8,
1803 1674 1860 1710 17·
1896 1663 1990 1702 item
2009 1661 2129 1702 Marc.
2151 1662 2187 1710 6,
2211 1671 2246 1706 8.

163 1755 169 1758 ”
209 1752 251 1802 n)
277 1751 329 1790 St.
356 1746 477 1800 bigath
508 1748 547 1798 J.
573 1755 610 1785 et
638 1746 665 1782 B
698 1742 792 1796 bigat
810 1755 829 1780 a
843 1741 991 1794 bigitan,
1022 1737 1149 1778 Sueth.
1163 1736 1328 1789 peihitta,
1366 1736 1555 1782 invenire,
1583 1733 1686 1774 unde
1707 1734 1748 1773 in
1765 1733 1896 1772 futuro
1919 1731 2056 1787 bigitai,
2085 1746 2153 1785 pro
2172 1746 2248 1785 quo
2269 1733 2360 1776 editi

264 1801 432 1854 bigiatai,
461 1798 556 1837 Luc.
580 1806 638 1843 18,
659 1804 691 1838 8.
718 1795 851 1844 v.Jun
881 1796 921 1832 in
939 1790 1056 1833 Gloff.
1077 1790 1253 1830 Gothico.

211 1856 268 1908 ἢ)
298 1854 405 1893 {clem
420 1847 755 1903 legitfistalausano.
779 1858 816 1887 et
833 1848 959 1900 paullo
979 1855 1065 1884 ante
1090 1858 1124 1883 v.
1149 1856 1187 1892 4.
1206 1850 1309 1882 cum.
1329 1838 1664 1893 Juvafralatfiznin
1675 1852 1686 1884 3
1715 1837 1776 1877 sed
1794 1848 1953 1890 utraque
1970 1839 2079 1877 lectio
2099 1838 2234 1878 idonea
2253 1838 2360 1880 desti-

265 1909 387 1947 tuitur
403 1906 640 1949 auctoritate,
669 1900 855 1953 fiquidem
876 1900 1038 1940 occurrit
1057 1897 1181 1937 adhuc
1200 1896 1297 1935 infra
1315 1893 1416 1933 casus
1434 1894 1556 1932 rectus
1573 1890 1771 1941 fistalssarzs,
1798 1905 1831 1929 v.
1852 1903 1916 1938 24.
1936 1890 2167 1942 afr-altasan,
2196 1893 2237 1931 in
2254 1907 2357 1946 prae-

263 1962 369 2003 terit.¹
370 1958 515 2012 fralaus
528 1986 537 2004 ‚
565 1970 633 2010 pro
655 1969 732 2007 quo
750 1954 842 1993 editi
860 1951 963 1993 versu
982 1952 1154 2004 proxime
1170 1948 1341 2001 sequenti
1347 1945 1554 1998 fmlausa'a.
1599 1944 1729 1985 Sueth.
1742 1955 1889 1982 mutato
1908 1957 1923 1981 s
1943 1945 1982 1982 in
2001 1957 2031 1990 r,
2049 1944 2223 1995 fo'rlora,
2249 1947 2358 1986 amit-

266 2025 364 2060 tere,
391 2011 496 2050 unde
499 2008 659 2061 fo‘rlust,
686 2008 894 2052 damnum,
918 2005 1070 2056 iactura.
1094 2001 1205 2041 Plura
1232 2001 1370 2039 docent
1387 2000 1484 2048 Jm.
1507 2008 1543 2037 et
1565 1996 1750 2035 thhter.
1771 1998 1810 2035 in
1830 1996 1983 2037 Glossar.
2001 1997 2049 2035 ad
2067 2009 2217 2040 vocem.

213 2068 253 2116 ο)
282 2069 319 2118 ].
342 2075 378 2104 et
403 2066 456 2103 St.
477 2063 565 2101 than
590 2063 626 2099 in
654 2058 929 2105 nimztehundas,
964 2056 1068 2108 quod
1085 2054 1335 2094 emendatum
1354 2052 1529 2090 videmus
1546 2051 1588 2089 in
1608 2049 1711 2090 Edit.
1732 2049 1840 2090 Benz.
2210 2044 2213 2047 ”

206 2122 259 2172 p)
288 2121 430 2156 Iterum
450 2113 627 2154 mendose
646 2113 782 2163 legunt
799 2110 973 2162 taihmtja.
991 2108 1060 2160 sai.
1080 2110 1118 2146 B.
1141 2118 1269 2145 tuetur
1286 2106 1488 2144 leciionem
1508 2103 1778 2142 accuratiorem

215 2173 254 2224 q)
284 2173 337 2209 Ita
354 2180 453 2208 certe
471 2166 605 2207 Codex
622 2164 765 2209 noster,
796 2164 889 2215 quid
912 2176 1000 2201 vero
1017 2162 1117 2201 vocis
1136 2159 1197 2206 fit,
1227 2173 1306 2197 non
1323 2171 1442 2208 aeque
1466 2168 1615 2195 certum
1632 2154 1703 2193 est:
1733 2167 1857 2206 quum
1876 2164 2004 2193 tamen
2020 2149 2226 2202 observem,
2251 2157 2361 2196 Grae.

269 2236 332 2262 cos
355 2222 477 2261 Codd.
504 2218 737 2259 h.1.habere
757 2216 880 2266 mgb),
905 2212 1093 2262 κοιθοιίςει,
1122 2223 1158 2250 et
1174 2214 1237 2253 lat,
1257 2212 1409 2256 everrit,
1436 2208 1621 2252 mundat,
1650 2206 1738 2246 teste
1757 2208 1861 2248 Edit.
1884 2205 2051 2257 Mdi'iana
2075 2219 2110 2257 p.
2126 2218 2208 2253 170v
2230 2209 2270 2247 in
2288 2211 2364 2248 ani-

267 2288 380 2315 mum
400 2275 555 2320 induxi,
584 2271 680 2309 nihil
695 2269 798 2308 aliud
819 2268 943 2320 priscis
963 2266 1096 2307 Gothis
1119 2263 1307 2304 denotass‘e
1324 2261 1529 2318 ushaugjan,
1558 2273 1675 2312 quam
1695 2261 1800 2311 quod
1821 2258 2005 2298 Germani
2023 2257 2214 2311 hodieque
2232 2262 2367 2301 dicunt

257 2329 390 2383 figen,
416 2341 476 2366 aus
498 2339 598 2379 egen,
627 2322 819 2375 1s1.sae3ja
845 2320 948 2373 apud
975 2321 1014 2359 V
1011 2318 1092 2360 erel.
1124 2328 1160 2356 et
1184 2316 1378 2356 Nostrates
1390 2315 1505 2366 faeja,
1541 2313 1755 2358 mundare.
1781 2325 1964 2364 purgare,
1993 2323 2226 2352 converrere:
2253 2325 2368 2365 atque

271 2385 385 2422 etiam
403 2380 562 2419 naturali
579 2379 858 2429 fe1·mutatione
879 2374 1155 2412 elementorum
1165 2369 1205 2420 f
1217 2379 1253 2407 et
1272 2367 1311 2415 h,
1340 2381 1418 2405 non
1440 2367 1573 2417 procul
1593 2365 1682 2403 hinc
1701 2365 1877 2403 abludere
1893 2392 1902 2410 ‚
1929 2363 2001 2402 five
2022 2362 2192 2407 sensum,
2219 2365 2292 2405 five
2310 2381 2364 2406 ra-

271 2437 417 2474 tionem
442 2445 583 2472 vocum
601 2427 899 2480 etymologicam
917 2423 1162 2475 penlitemUS.
1217 2423 1365 2459 Verum
1386 2419 1456 2457 hac
1478 2416 1602 2456 nostra
1628 2417 1841 2467 conjectura
1858 2429 1937 2455 non
1956 2414 2065 2456 nobis
2082 2416 2175 2456 adeo
2192 2419 2368 2460 videmur

270 2489 433 2532 muniti,
463 2486 557 2537 quin
587 2494 692 2523 aures
710 2480 916 2530 morigeras
933 2476 1088 2515 meliora
1115 2473 1271 2512 doctum
1297 2471 1403 2510 facile
1427 2470 1685 2522 praebeamus.

217 2544 257 2592 r)
285 2542 388 2581 Editi
407 2539 589 2582 dzakmin,
618 2545 663 2572 ut
681 2530 785 2572 versu
804 2529 1041 2583 praecedenti
1055 2542 1065 2573 3
1095 2527 1179 2566 heic
1196 2536 1325 2565 autem
1347 2524 1553 2575 requiritur
1573 2520 1817 2561 Accusativus
1846 2520 2028 2559 drakman.
2066 2519 2128 2561 sed
2156 2522 2368 2564 inconstans

272 2595 383 2633 flexio
403 2591 513 2630 estin
532 2587 688 2628 vocibus
709 2584 937 2637 peregrinis,
965 2592 1010 2619 ut
1030 2579 1244 2619 observatur
1268 2580 1309 2618 in
1340 2574 1433 2629 Diffi
1460 2575 1506 2616 de
1534 2573 1742 2614 Nominibus
1770 2573 1925 2628 Moqfhg.
1953 2573 2000 2612 ad
2025 2572 2154 2616 finem.
2210 2579 2270 2616 De
2294 2577 2364 2617 hac

271 2660 363 2687 voce
383 2657 502 2696 graeca
519 2657 552 2681 v.
575 2643 616 2679 in
631 2636 807 2691 Append.
827 2637 873 2675 ad
897 2634 1051 2676 Gloss'ar.
1064 2634 1279 2683 Junianum.

220 2702 256 2749 s)
283 2700 462 2740 Diximus
489 2696 536 2735 ad
557 2708 589 2735 v.
609 2693 646 2732 6.

224 2755 258 2802 t)
286 2753 389 2792 Editi
408 2748 576 2804 aggilum,
608 2744 712 2798 quod
730 2752 876 2797 pugnat
893 2754 983 2780 cum
1002 2739 1075 2792 ipsa
1094 2736 1380 2784 construetione,
1412 2749 1494 2788 quae
1512 2748 1591 2775 non
1607 2735 1734 2775 Dativ.
1751 2732 1813 2773 sed
1831 2729 2002 2777 Genitiv.
2021 2733 2151 2784 exigit.
2188 2734 2369 2774 Ceterum

277 2806 342 2844 cfr.
359 2805 524 2856 Specim.
545 2798 658 2840 Glofl'.
682 2798 800 2850 Ulph.
829 2800 863 2835 ὅ(
891 2793 1058 2834 Hickefii
1075 2795 1204 2832 Gram.
1223 2805 1262 2842 p.
1285 2798 1345 2833 81·
2324 2814 2327 2817 ,

223 2859 265 2908 v)
292 2859 392 2897 Editi
404 2857 543 2908 gifmis
553 2853 593 2905 J⁰
610 2851 868 2890 madrinnanein
886 2847 955 2885 dail
970 2848 1109 2898 aiginis:
1139 2843 1231 2882 Edw
1263 2843 1335 2891 Lye
1353 2842 1500 2888 refflus,
1529 2840 1586 2879 tho
1607 2839 1897 2879 undrimmndein.
1922 2853 1956 2878 v.
1975 2837 2077 2879 Edit.
2090 2835 2199 2878 Benz.
2219 2853 2258 2891 p.
2280 2851 2368 2887 253,

184 2951 191 2956 ,
276 2908 421 2950 Nostrae
448 2908 600 2947 interim
618 2904 788 2949 leffioni,
816 2902 956 2953 regulis
975 2902 1181 2938 Grammat.
1207 2895 1415 2942 conformi,
1443 2893 1687 2946 adstipulatur
1706 2907 1784 2933 non
1801 2891 1953 2932 obscure
1973 2890 2057 2929 Cod
2088 2893 2320 2942 Argenteus.

222 2965 272 3014 a)
299 2964 358 3002 Sic
379 2961 536 3012 quidem
553 2960 738 3010 legimus,
767 2955 827 2995 std
845 2967 987 3000 errore,
1011 2954 1052 2992 ni
1076 2951 1201 2997 fallor,
1229 2947 1486 2995 amanuensis,
1520 2960 1588 3003 pro
1613 2945 1802 2994 alltharba,
1831 2945 1889 2984 vel
1915 2954 2029 2995 prout
2047 2943 2139 2984 editi
2157 2943 2365 2987 allatlmrba.

281 3030 313 3055 v.
333 3014 438 3066 supra
457 3026 489 3055 c.
513 3024 547 3062 9,
572 3024 629 3050 11.
651 3012 685 3050 ὅ(
707 3008 819 3049 Glots.
846 3006 962 3058 Uph.
