2473 3380
129 108 201 216 4οῘ
422 130 769 194 EsssERGn
802 134 1152 191 ULPHILAS
1190 133 1286 186 σο
1298 133 1604 213 THORUM
1633 132 2047 189 EPJSCOPUS.

133 254 362 309 Glossario
382 252 612 303 Gothico:
641 252 699 313 y)
771 247 987 315 Quodque
1004 248 1143 312 ‘longe
1160 249 1370 297 maxima
1385 243 1614 310 sermonis
1636 245 1824 296 Gothici
1846 266 1968 314 pars
1997 248 2180 298 variam
2210 240 2350 311 quan-

133 324 244 374 dam
260 325 462 386 antiquae
484 320 676 368 Groeciae
701 316 935 366 dialetium
957 330 1064 381 prae
1075 312 1131 378 st
1148 311 1304 377 serat.
1374 313 1424 359 Id
1445 329 1549 359 vero
1569 312 1744 370 exinde,
1781 316 1903 373 quod
1928 333 1953 363 a
1980 316 2116 379 longo
2148 328 2350 375 tempore

132 389 289 442 Graeci
305 404 410 438 cum
432 385 565 439 Getis
591 382 789 447 permisti
810 382 1123 438 habitaverint,
1155 377 1256 426 teste
1275 379 1441 426 ovidio
1473 377 1524 438 z)
1854 384 1860 385 ’

534 452 633 503 Hic
665 465 832 516 quoque
854 449 965 509 lunt
998 450 1146 514 igitur
1178 443 1342 510 Grajoe
1377 447 1498 510 (quis
1527 441 1750 506 crederet)
1783 443 1918 494 urbes

610 517 745 566 Inter
777 512 1034 564 inhumana
1065 515 1249 562 nomina
1282 511 1531 562 barbariae.
1737 510 1742 511 ⁷

539 583 649 636 Huc
680 598 848 648 quoque
882 583 1043 631 Mileto
1076 581 1183 648 miffi
1215 594 1370 628 venere
1405 580 1564 634 coloni,

604 650 748 716 Inque
776 649 904 699 Getis
937 647 1119 711 Grajas
1150 648 1410 710 constituere
1442 645 1612 694 domos.

980 718 1057 772 Et,
1089 716 1140 775 a)

541 781 658 840 Vix
689 797 771 849 ope
804 780 971 849 castelli
1003 778 1315 844 defendimur:
1348 775 1407 826 89³
1439 788 1588 827 tamen
1624 779 1746 826 intus

608 850 751 917 Mssa
774 847 901 912 facit
934 849 1100 912 Grajis
1132 844 1339 896 barbara
1372 847 1512 895 turba
1544 854 1723 896 metum.

548 914 731 983 Quippe
744 915 890 983 fimul
921 913 1048 965 nobis
1076 908 1255 964 habitat
1287 909 1542 978 dfirimine
1576 910 1700 959 szullo

609 981 861 1033 Barbarus
992 1009 1011 1019 -
1146 1008 1165 1018 -
1300 1005 1314 1014 -
1448 1004 1467 1015 ·
1597 1004 1614 1014 ·

851 1068 872 1072 -
978 1050 1058 1104 Et,
1093 1044 1142 1108 b)

698 1139 721 1152 -
855 1114 1110 1179 Geticaeque
1135 1107 1402 1177 frequentia
1429 1110 1584 1177 gentis

609 1180 707 1231 Per
739 1181 908 1230 medias
941 1185 988 1230 in
1023 1182 1146 1243 equis
1180 1182 1303 1243 itque
1336 1178 1538 1241 reditque
1571 1178 1684 1227 vias.

137 1252 209 1303 Ab
233 1249 306 1300 illa
325 1248 520 1298 duorum
541 1245 814 1295 diversorum
834 1247 1111 1309 populorum
1132 1246 1318 1291 mixtura
1339 1244 1514 1303 utrique
1535 1243 1692 1303 linguae
1712 1241 1908 1302 quaedam
1932 1243 2047 1292 illata
2071 1242 2131 1291 est
2150 1257 2356 1307 mutatio,

139 1336 236 1383 quae
254 1333 401 1369 tamen
420 1318 468 1365 in
486 1315 636 1376 lingua
656 1312 878 1367 Getarum
898 1314 1030 1374 longe
1051 1313 1221 1368 minor,
1252 1326 1386 1370 quam
1409 1311 1453 1355 in
1475 1307 1638 1357 Graeca
1660 1305 1826 1365 fuerat,
1861 1311 1976 1358 unde
1994 1312 2198 1368 Ovidius,
2229 1312 2277 1377 c)

545 1381 781 1448 Grajaque
813 1380 934 1447 quod
966 1381 1126 1493 Geticcoi
1152 1381 1266 1427 vieta
1297 1376 1472 1442 loquela
1488 1376 1621 1438 sono.

980 1448 1058 1502 Et,
1276 1486 1280 1492 ,

542 1515 602 1566 In
630 1514 792 1579 paucis
826 1524 1057 1562 remanent
1087 1443 1250 1575 G)rajoe
1282 1510 1466 1576 vcssigia
1502 1507 1702 1575 lingua.-

616 1581 735 1630 Haec
767 1597 934 1646 quoque
965 1584 1058 1628 iam
1093 1579 1244 1626 Getico
1279 1575 1483 1626 barbara
1503 1573 1636 1640 facia
1655 1574 1784 1639 fimo.

139 1656 198 1703 Et
220 1652 273 1701 de
292 1647 384 1714 ipsa
404 1661 517 1699 terra
531 1650 796 1703 Tomitana,
829 1648 1014 1707 eiusque
1042 1644 1197 1692 incolis
1232 1642 1278 1708 e)

543 1716 688 1785 Mgsta
704 1714 770 1778 fit
801 1707 900 1762 lzoec
930 1715 1136 1778 quamvis
1166 1714 1287 1760 inter
1312 1709 1571 1775 Grajosque
1601 1711 1827 1775 Getasque

614 1781 666 1832 A
696 1779 813 1828 male
841 1784 1021 1846 pacatis
1048 1780 1158 1844 plus
1189 1774 1339 1826 trahit
1372 1791 1456 1823 ora
1490 1778 1638 1825 Getis.

143 1867 296 1924 Huius
316 1864 477 1927 linguae
507 1863 786 1912 tremendum
814 1863 857 1909 &
886 1863 1074 1910 minime
1103 1860 1341 1907 de1icatum
1369 1855 1497 1905 fuiffe
1525 1856 1706 1914 sonum,
1737 1872 1914 1920 utpote,
1948 1860 2028 1918 qui
2057 1873 2182 1907 veros
2204 1862 2360 1911 Martis

145 1933 320 1997 pu1108,
353 1948 443 1979 non
463 1927 649 1977 feminas
670 1929 712 1975 ὅ(
732 1927 932 1975 castratos
952 1928 1144 1987 deceret,
1176 1923 1325 1972 rursus
1346 1925 1533 1970 Ovidius
1554 1924 1700 1973 docet:
1724 1918 1784 1987 f)

547 1996 720 2047 Omnia
750 1993 1007 2043 barbaricae
1040 1995 1138 2041 loca
1166 1991 1292 2054 fient,
1335 1994 1535 2054 vocisque
1550 1988 1737 2053 ferinoe,

623 2062 794 2112 Omnia
809 2057 928 2126 stant
961 2062 1105 2109 Getici
1134 2061 1270 2123 plena
1301 2062 1460 2106 timore
1471 2054 1597 2121 soni.

1088 2126 1159 2174 δυ

550 2194 756 2246 Nomina
776 2193 892 2261 fient
926 2192 1018 2259 ipso
1045 2203 1155 2258 pene
1184 2188 1420 2240 tremenda
1436 2189 1570 2255 sono.

147 2278 260 2324 Non
277 2288 421 2324 tamen
438 2270 526 2321 suis
543 2272 776 2323 virtutibus
797 2272 1067 2337 Gothorum
1091 2271 1286 2332 linguam
1305 2270 1552 2320 destitutam
1571 2268 1710 2329 fuisse,
1730 2267 1934 2318 versionis
1959 2271 2243 2338 Ulphilanae,
2265 2294 2361 2338 quae

146 2340 336 2405 superest
369 2340 586 2403 particula
614 2339 786 2387 abunde
816 2338 1016 2388 ostendit.
1082 2341 1148 2384 De
1179 2354 1266 2397 qua
1293 2338 1438 2385 audiri
1465 2354 1660 2385 meretur
1689 2336 2043 2401 F1·ancise.*1unii
2073 2343 2159 2386 viri
2175 2334 2359 2390 doffiffiss

149 2411 214 2457 mi
232 2408 449 2456 iudicium
467 2409 512 2453 in
531 2402 789 2469 praefatione
809 2405 864 2453 ad
883 2406 1087 2452 eandem:
1122 2403 1334 2466 Comperi
1351 2406 1524 2454 nullum
1547 2401 1709 2453 Gothis
1727 2407 1875 2453 lumen
1888 2442 1898 2459 ‚
1932 2407 2273 2474 nullumflorem
2292 2410 2358 2458 αἰ·-

148 2475 275 2525 cendi
293 2467 474 2539 dejuiffe
482 2489 502 2530 ,·
535 2477 602 2521 ita
620 2476 665 2522 in
681 2477 816 2522 totius
833 2472 1099 2538 evangelicae
1119 2467 1316 2535 historice
1332 2472 1474 2521 altius
1488 2472 1610 2536 quasi
1624 2482 1910 2537 exaggerata
1927 2471 2111 2521 dimone
2131 2478 2361 2524 naturalis

180 2541 334 2591 uidam
355 2555 409 2591 ac
428 2542 606 2589 minime
609 2536 802 2603 fucatus
818 2542 942 2588 nitor
959 2542 1140 2594 emicat,
1174 2537 1282 2584 dum
1302 2553 1374 2586 res
1401 2554 1581 2604 magna»
1610 2536 1873 2586 admirabili
1901 2538 2241 2608 eleelzffimorum
2261 2558 2363 2590 ver·

149 2558 314 2658 goram
313 2603 560 2673 splendore
572 2609 788 2672 graviter
804 2617 1039 2671 ornateque
1060 2604 1361 2668 illustrantur,
1380 2621 1435 2653 ac
1453 2607 1608 2672 iustum
1626 2602 1785 2669 ubique
1787 2601 2009 2667 struatur
2023 2605 2200 2671 pondus
2218 2615 2364 2657 auelo·

151 2675 311 2724 ritatis
336 2675 660 2737 maiestatisque
671 2670 954 2737 fizcrqfimc‘lo
982 2670 1124 2720 codici
1147 2685 1377 2735 congrua.
1445 2674 1501 2717 Et
1531 2671 1666 2732 paulo
1692 2669 1813 2732 post:
1851 2671 1943 2719 Ad
1951 2669 2180 2736 firmonis
2207 2675 2363 2727 Graeci

146 2744 477 2808 proprietates,
509 2738 770 2800 ubertatem,
789 2737 1029 2806 emphasin,
1047 2733 1177 2786 haud
1191 2735 1464 2806 improspere
1483 2736 1590 2802 azfiv
1609 2739 1665 2803 est
1682 2735 1939 2806 adspirare·
2011 2740 2141 2786 Unde
2159 2740 2276 2787 idem
2296 2745 2362 2789 vir

2191 2806 2358 2857 doffiss'.

208 2921 253 2971 y)
271 2934 317 2972 p.
340 2932 375 2960 1.
391 2973 399 2981 ι
476 2922 519 2982 e)
551 2920 664 2973 Trist.
688 2920 743 2966 lib,
761 2935 797 2973 3,
822 2919 861 2959 el.
874 2934 917 2982 9..
1013 2920 1055 2970 a)
1084 2918 1323 2972 Eptstolarum
1347 2932 1392 2957 ex
1409 2917 1522 2957 Ponto
1547 2915 1603 2960 lib.
1623 2931 1653 2969 5.
1684 2930 1739 2968 ep.
1764 2929 1817 2957 ιο.
1923 2917 1965 2970 h)
1990 2917 2047 2959 lib,
2073 2917 2183 2970 Trist.
2201 2932 2235 2971 5,
2263 2918 2302 2961 el.
2321 2932 2360 2973 7.

259 2973 298 3023 c)
332 2971 440 3023 Tmst.
459 2971 514 3018 hb.
531 2988 562 3026 5.
583 2974 621 3015 el.
640 2987 669 3015 2.
776 2972 818 3027 d)
851 2971 962 3025 Tmst.
981 2986 1012 3024 5.
1034 2971 1072 3012 el.
1091 2986 1126 3025 7.
1236 2973 1273 3024 e)
1299 2970 1432 3015 ibidem.
1524 2969 1593 3023 f)
1621 2968 1728 3021 Trist.
1746 2968 1766 3010 Ι,
1786 2984 1817 3020 5.
1839 2968 1878 3010 el.
1902 2982 1958 3014 12,
