2473 3380
608 91 1234 160 JOHANNIS.
1300 93 1506 148 XVIII.
1574 94 1720 145 XIX.
2195 110 2260 160 93

50 220 140 257 ,220
172 207 237 252 ith
262 203 388 255 tham
414 207 455 265 c)
477 205 736 264 quithandin
762 215 910 254 imma.
1197 216 1277 254 22.
1311 208 1416 252 Hoc
1445 220 1591 252 autem
1623 205 1792 252 dicente
1821 204 1916 253 illo.

58 272 116 323 ib.
139 270 281 336 sumu
319 272 381 335 α’)
414 267 636 334 andhafjis
680 273 872 319 thamma
916 271 1113 319 reikistin
1190 272 1250 319 ib.
1285 274 1450 319 Siccine
1486 269 1769 334 respondebis
1808 268 1992 317 summo
2021 269 2261 322 sacerdoti?

124 338 289 400 gudjin.

56 417 134 465 24.
166 402 388 451 infandida
426 406 496 450 ina
532 421 659 450 annas
692 402 1042 469 gabundanana.
1067 403 1116 467 e)
1197 420 1274 466 24.
1313 402 1494 451 Miserat
1524 419 1626 450 eum
1653 400 1806 450 Annas
1842 401 2060 450 vinstum.

54 476 135 520 26.
173 473 249 516 niu
283 470 397 517 thuk
425 469 529 530 saqh
558 470 604 518 ik
622 469 683 534 f)
716 473 760 516 in
792 470 1049 532 aurtigarda.
1195 478 1274 518 26.
1306 475 1472 517 Nonne
1503 487 1585 531 ego
1613 484 1653 516 te
1681 470 1773 516 vidi
1801 472 1846 516 in
1876 470 2028 518 horto·

57 552 136 599 35.
167 541 316 585 waitei
332 539 395 604 g)
424 535 472 582 ik
502 537 670 584 iudaius
698 540 777 586 im.
1194 550 1271 595 35.
1302 540 1431 582 Num
1474 554 1556 596 ego
1584 535 1760 599 Judaeus
1801 534 1928 583 sum?

56 611 132 666 38.
164 603 238 666 Jah
263 603 404 670 quatb
432 607 508 650 im.
529 601 582 666 Ῐι)
1194 610 1271 663 38.
1301 605 1357 647 Et
1379 603 1484 648 dixit
1504 605 1581 650 cis·

52 686 132 732 40.
155 668 244 736 sak
271 669 311 734 i)
346 671 448 717 than
476 687 559 716 was
589 667 629 715 sa
656 668 848 719 barraba.
1190 681 1271 728 40,
1307 670 1397 714 Hic
1423 683 1567 713 autem
1597 684 1687 714 erat
1703 668 1925 720 Barrabas.

455 738 562 796 Cap.
599 738 712 783 XIX.
1597 736 1708 794 Cap.
1737 737 1853 782 XIX.

54 807 97 851 6.
134 802 181 849 ik
196 801 386 867 fairina
406 802 452 863 k)
482 805 524 848 in
545 804 678 848 imma
700 803 744 845 ni
764 799 911 860 bigita.
1194 804 1238 847 6.
1276 802 1373 860 Ego
1405 798 1583 859 culpam
1603 800 1648 843 in
1669 816 1721 845 eo
1743 816 1834 844 non
1863 801 2059 850 invenio.

53 885 99 931 7.
136 868 303 918 witotlz.
328 868 376 932 l)
412 874 458 916 St
511 867 706 912 withoth.
1191 881 1240 928 7.
1271 869 1450 926 Legem.
1649 920 1652 924 ¹

53 950 131 985 10.
169 934 374 982 waldufni
399 935 469 981 aih
491 931 675 978 fraletan
696 928 821 979 tlmk.
850 933 912 990 m)
1195 948 1272 980 10.
1311 929 1568 977 Potestatem
1598 928 1781 975 habeam
1804 929 2055 977 dimittendi
2072 944 2127 980 te.

54 1018 132 1052 Η.
166 1005 352 1048 maizein
377 999 613 1047 frawaurht
649 996 831 1045 habaza'.
862 999 912 1053 n)
1196 1014 1273 1047 11.
1309 999 1461 1044 Maius
1494 1011 1725 1057 peccatum
1755 995 1904 1045 habet.

56 1064 434 1132 12.st1qlzalzzuh.
466 1069 518 1125 ο)
566 1065 706 1118 Editi,
743 1061 978 1122 saqhazuh.
1197 1078 1274 1113 12.
1310 1066 1614 1127 Qicumque.

101 1209 137 1255 c)
165 1206 201 1256 J.
221 1204 255 1242 &
275 1204 327 1243 St.
347 1203 477 1251 thuna,
504 1198 574 1250 τᾶν,
598 1201 740 1247 ortorum
768 1200 887 1247 tham,
913 1196 985 1248 τοί,
1013 1200 1154 1249 tiara,
1185 1213 1354 1254 quorum
1373 1214 1454 1239 non
1475 1199 1591 1247 illud,
1619 1197 1683 1238 sed
1706 1198 1791 1246 hoc,
1821 1199 1953 1239 locum
1976 1199 2060 1239 heic
2086 1193 2257 1239 invenire

65 1260 76 1264 ’
153 1257 277 1297 ἀεὺεῑ.
1938 1266 1941 1271 ,
2241 1260 2244 1261 ⁷

99 1311 142 1358 d)
169 1306 397 1360 Editiswalz.
424 1308 563 1348 Malim
583 1320 675 1347 cum
701 1306 787 1347 Cod
819 1303 1041 1359 Argenteo,
1068 1304 1203 1356 swau5
1227 1319 1319 1345 nam
1344 1305 1500 1358 simplex
1527 1319 1552 1344 u
1578 1306 1787 1357 interrogat
1809 1334 1818 1354 ,
1857 1315 1902 1344 ut
1928 1303 2037 1357 supra
2062 1304 2139 1345 suis
2165 1305 2260 1351 locis

212 1361 451 1401 servavimus,

99 1416 137 1466 e)
160 1364 234 1456 2ξά
259 1414 418 1453 eandem
442 1412 605 1452 formam
627 1411 990 1463 acfaurquitlmnana
1008 1414 1100 1450 Luc.
1126 1423 1185 1459 14,
1208 1419 1265 1454 18.
1294 1422 1352 1461 19.
1375 1411 1410 1462 J.
1434 1410 1467 1448 8<
1487 1410 1541 1448 St.
1566 1409 1704 1461 legunt
1715 1407 1942 1462 gabundana.
1964 1407 2112 1458 bindan,
2134 1408 2257 1464 gabin-2

153 1468 242 1515 dan,
271 1466 399 1506 Sueth.
420 1465 544 1505 biuda.
566 1468 732 1513 vincere,
767 1465 896 1516 ligare·
1434 1506 1441 1512 ,

87 1520 149 1573 f)
175 1522 226 1561 St.
247 1521 407 1571 praeterit
424 1532 638 1572 pronomen
657 1517 710 1565 ik,
740 1517 846 1569 quod
866 1531 912 1556 ex
935 1516 1064 1556 codice
1090 1515 1344 1562 restituimus,
1375 1513 1658 1554 assentientibus
1679 1516 1713 1567 J.
1735 1516 1769 1555 8<
1786 1518 1831 1555 Β.

94 1576 141 1626 g)
168 1572 216 1614 St
246 1572 358 1612 habet
375 1574 503 1625 waite3
532 1573 666 1612 rectius
683 1582 813 1610 autem
832 1572 871 1609 in
891 1570 1091 1617 Gloffario,
1120 1572 1258 1615 waitei,
1287 1568 1468 1622 particula
1488 1569 1769 1620 interrogandi,
1794 1568 1888 1608 ficut
1904 1566 2001 1608 ibaiei
2016 1580 2048 1608 c.
2062 1578 2097 1616 7,
2122 1579 2182 1615 31.

98 1627 138 1676 h)
166 1629 199 1679 J.
223 1628 256 1666 ἃ
277 1627 334 1667 St.
354 1625 461 1677 quath
479 1624 526 1662 du
543 1628 609 1663 im:
637 1636 848 1676 utrumque
871 1625 911 1662 in
927 1623 1014 1671 usu,
1052 1638 1085 1662 v.
1109 1626 1186 1662 Luc
1228 1634 1285 1669 17,
1310 1634 1365 1668 37,
1411 1666 1427 1675 .-

97 1680 125 1728 i)
153 1681 215 1719 Sic
233 1693 324 1718 cum
341 1679 580 1731 aspiratione,
609 1692 728 1730 quam
747 1680 802 1718 St.
826 1679 980 1716 omittit.
989 1676 1054 1728 sa,
1082 1679 1100 1711 ὀ
1115 1708 1122 1722 ,
1140 1675 1227 1727 salz,
1256 1674 1359 1714 ium
1410 1673 1530 1721 ὁυτᾰς,
1558 1674 1801 1726 plerumque.

98 1734 142 1783 k)
175 1732 278 1772 Editi
283 1731 446 1783 fairino,
474 1743 518 1771 ut
534 1731 642 1785 supra
664 1746 698 1772 v.
721 1746 758 1781 4.
779 1730 840 1769 cfr.
863 1732 1017 1770 interim
1037 1728 1171 1769 Matth.
1196 1741 1230 1777 ς,
1253 1740 1310 1776 32.
1342 1729 1457 1768 Vocis
1484 1727 1714 1780 explicandae
1741 1728 1867 1767 otium
1892 1725 1990 1767 mihi
2015 1724 2135 1767 fecere
2159 1728 2194 1779 J.
2216 1725 2252 1766 δε

150 1787 193 1825 St
224 1787 265 1824 in
283 1783 487 1827 Glossariis,

97 1838 131 1890 l)
155 1840 208 1878 Ita
226 1841 265 1891 J„
285 1839 318 1877 ὃ(
337 1839 377 1876 B.
401 1850 433 1877 v.
455 1835 539 1876 Luc
572 1848 634 1884 10,
660 1848 707 1880 ις
737 1835 785 1876 ad
804 1851 840 1876 v.
862 1834 1121 1888 witodaey‘asteis.

96 1892 148 1940 m)
175 1893 228 1931 St.
247 1890 331 1938 thu,
359 1890 466 1943 quod
483 1889 520 1929 h.
548 1891 574 1930 l⁴
593 1891 797 1930 reiicimus.

94 1946 143 1994 n)
170 1944 274 1984 Editi
293 1942 446 1983 habaith..
485 1944 667 1983 Diximus
685 1955 793 1982 antea
813 1945 893 1982 Luc
931 1954 962 1985 1,
985 1953 1043 1988 32,

98 2000 139 2047 ο)
165 1997 464 2048 Utraqueleffio
481 1996 616 2048 proba3
644 1996 836 2036 editorum
854 2009 941 2034 vero
969 1992 1137 2033 ufitatior
1156 1990 1219 2032 est.
1251 1991 1317 2032 cfr.
1336 1992 1424 2044 Jun
1457 1991 1568 2033 Gloss.
1593 1992 1698 2045 wsb·

245 2050 428 2095 Paucula,
456 2062 538 2101 quae
554 2047 853 2101 subsequuntur,
882 2048 980 2087 bene
997 2046 1031 2086 se
1053 2046 1195 2086 habent
1215 2047 1255 2085 in
1273 2046 1403 2093 editis3
1433 2052 1568 2086 eoi-um
1596 2060 1682 2087 vero
1712 2045 1901 2086 damnum
1915 2073 1928 2092 ‚
1957 2058 2040 2099 quae
2061 2046 2102 2086 in
2122 2046 2247 2085 Euan-

158 2103 259 2154 gelio
277 2101 463 2153 Johannis
483 2102 691 2153 deperiere,
718 2113 763 2140 ut
782 2103 823 2140 in
837 2103 990 2147 ceteris,
1021 2101 1205 2151 cuiquam
1225 2099 1355 2139 sarcire
1380 2110 1461 2139 non
1484 2100 1625 2141 licebit.
1652 2098 1799 2139 Desunt
1821 2111 1951 2139 autem
1970 2100 2054 2139 heic
2070 2097 2249 2152 plurima,

152 2167 232 2206 cap.
254 2153 428 2192 videlicet
444 2155 474 2193 Ι.
493 2155 538 2191 ΙΙ.
559 2155 622 2192 ΙΙΙ.
643 2154 712 2194 IV.
732 2156 766 2192 ὃ(
786 2156 833 2192 V.
856 2154 903 2192 ad
928 2147 1077 2192 versum
1098 2165 1221 2202 usque
1248 2163 1311 2199 45.
1343 2154 1387 2190 In
1415 2165 1490 2203 cap*
1523 2155 1586 2191 xl.
1608 2166 1629 2190 a
1654 2152 1760 2191 vei-fii
1780 2165 1830 2201 47
1876 2166 1957 2191 non
1982 2154 2134 2203 integro
2151 2180 2162 2198 ,
2200 2152 2249 2191 ad

149 2206 287 2254 finem,
318 2208 352 2245 ὅ(
371 2205 529 2245 dimidia
546 2219 628 2257 pars
646 2204 768 2246 versus
785 2206 900 2257 primi
916 2218 995 2257 cap.
1017 2204 1226 2256 sequentis,
1254 2205 1362 2242 cuius
1381 2205 1496 2242 etiam
1515 2203 1771 2243 defiderantur
1787 2205 1923 2242 ultima
1943 2205 2055 2243 verba
2073 2218 2107 2242 v.
2126 2216 2189 2252 49.
2210 2205 2247 2242 ἃ

150 2271 213 2308 ςο.
234 2270 347 2298 totus.
376 2261 420 2298 In
437 2272 517 2311 cap.
538 2260 639 2298 X111.
656 2258 839 2298 undecim
859 2257 936 2298 fere
957 2259 1080 2311 prima
1102 2259 1300 2296 commata?
1336 2258 1380 2295 In
1401 2269 1466 2309 cap
1498 2258 1596 2296 XIX.
1622 2269 1684 2304 30.
1703 2257 1832 2295 ultimi
1849 2255 1994 2304 versus,
2022 2257 2057 2295 ἃ
2077 2256 2248 2308 denique

151 2326 229 2366 cap.
252 2314 332 2351 XX.
355 2313 388 2351 8<
408 2313 509 2351 XXI.

242 2369 372 2417 Atque
389 2365 467 2404 haec
484 2364 643 2417 quidem
658 2363 764 2411 sunt,
788 2377 891 2415 quae,
920 2362 967 2402 acl
998 2360 1263 2401 illustrandum
1290 2361 1477 2401 Codicem
1505 2364 1768 2413 Argenteum,
1798 2361 1981 2402 duximus
2008 2372 2143 2401 notatu
2161 2361 2244 2413 dig-

150 2418 276 2465 niora,
305 2420 346 2457 in
362 2418 444 2458 sinu
461 2418 571 2458 nobis
597 2418 841 2470 gratulaturi,
874 2414 901 2454 fi
928 2416 1142 2468 quidquam
1168 2416 1356 2454 Benevolo
1384 2413 1534 2454 Lectori
1561 2414 1663 2453 haud
1690 2416 1850 2454 omnino
1878 2417 2075 2468 ingratum
2096 2428 2116 2454 a
2132 2415 2243 2454 nobis

146 2469 686 2523 praestitum*intellexerimu53
714 2470 770 2510 fin
796 2480 927 2509 autem
945 2471 1094 2515 minus,
1123 2468 1274 2508 dabitur
1292 2468 1365 2507 hoc
1383 2467 1513 2508 saltem
1533 2468 1665 2515 nobis,
1692 2482 1772 2507 rem
1800 2468 1957 2507 arduam
1985 2467 2075 2516 esse,
2102 2479 2146 2506 ut
2163 2481 2241 2506 ver-

149 2525 205 2564 bis
222 2534 305 2562 utar
322 2525 367 2563 C.
388 2526 501 2563 Plinii
518 2524 694 2571 secundi,
725 2522 876 2563 vetustis
892 2524 1100 2562 novitatem
1122 2522 1229 2569 dare,
1254 2523 1363 2561 novis
1389 2522 1673 2568 auctoritatem,
1699 2520 1870 2562 obsoletis
1896 2523 2061 2560 nitorem
2076 2550 2085 2568 ,
2114 2519 2243 2560 obscu-

148 2578 197 2616 ris
217 2578 365 2624 lucem,
393 2577 562 2616 fastiditis
583 2579 743 2630 gratiam
790 2575 915 2615 dubiis
935 2575 1074 2620 fidem,
1100 2575 1280 2615 omnibus
1304 2589 1391 2615 vero
1409 2584 1602 2624 naturam,
1630 2576 1664 2615 ὅ(
1685 2585 1840 2616 naturae
1857 2575 1921 2616 sua
1938 2575 2087 2616 omnia·-
2115 2574 2242 2628 itaque

148 2632 263 2670 etiam
282 2643 362 2671 non
379 2629 568 2681 assecutis,
596 2629 751 2681 voluisse
776 2628 859 2669 satis
887 2628 973 2670 effe.
1047 2631 1230 2667 Tantum.

827 2747 1450 2794 ἣε--Σ-θᾶ·

1904 2868 2239 2958 ῚΝΒΕΧ
