2473 3380
419 120 854 173 EPISTOLAE
888 121 1144 173 PAULI
1169 118 1280 170 AD
1315 117 1704 170 ROMANOS
1745 118 1798 171 C.
1832 121 1961 175 XV.

153 243 196 290 8.
233 232 423 298 Qvitha
465 231 551 279 auk
598 230 759 279 christu
801 230 910 296 jaisu
957 232 1148 280 andbaht

82 300 402 347 vvaurthanana

80 367 243 429 tulgjan
266 366 435 426 gahaita
453 380 603 413 attane.

145 447 194 490 9.
232 432 302 478 Ith
323 432 504 478 thiudos
534 433 578 477 in
609 431 935 479 armahairteins
958 432 1168 496 hauhjan*

78 499 187 558 goth
213 495 310 544 svva
330 496 425 544 svve
445 498 654 559 gamelith
678 497 728 544 ist
747 499 932 545 duththe
945 499 1148 545 andhaita

79 566 180 610 thus
204 565 248 610 in
272 564 479 611 thiudom
509 562 584 611 fan
609 566 685 628 jah
711 567 860 611 namin
880 566 1147 611 theinamma

79 631 222 677 liutho
249 632 371 691 xx).
490 666 502 672 κ

117 745 125 749 ,
149 711 226 745 10.
257 698 342 759 Jah
372 694 482 744 aftra
506 697 725 757 qvvithith
745 694 887 744 fifaith
913 697 1001 764 yy)
1030 696 1141 744 thiu·

79 762 158 809 dos
180 764 290 809 mith
313 767 541 824 managein
564 766 616 812 is·

152 845 170 876 1
188 846 228 878 Ι.
264 830 348 892 Jah
359 827 706 889 aftraqvvithith
726 828 889 890 hazjith
909 828 1016 874 allos
1030 828 1145 874 thiu-

79 895 159 941 dos
181 892 252 941 fan
269 896 341 958 jah
367 897 562 958 hazjaina
585 897 655 941 ina
681 895 788 940 allos
810 896 1074 955 manageins,

156 1040 228 1075 12.
262 1028 345 1090 Jah
366 1025 474 1073 aftra
497 1024 647 1079 esaeias
668 1025 888 1085 qvvithith
908 1027 1143 1072 vvairthith

80 1108 249 1139 vvaurts
281 1091 478 1154 jaiffaizis
515 1093 588 1154 jah
620 1089 663 1137 sa
697 1089 978 1138 usstandands
1011 1092 1141 1139 reiki-

77 1159 187 1232 noth
213 1160 289 1220 22)
316 1158 523 1206 thiudom
552 1158 613 1204 du
643 1159 781 1204 imma
805 1158 988 1205 thiudos
1017 1176 1144 1206 vven·

73 1225 226 1349 paiz.
256 1291 326 1337 Ith
358 1291 468 1353 goth
495 1290 711 1338 lubainais
743 1287 792 1351 *)
839 1285 982 1353 fulljai
1011 1292 1147 1338 izvvis

79 1356 256 1403 allaizos
288 1355 500 1406 fahedai&

2189 141 2278 185 105

1298 238 1342 286 8.
1378 228 1497 278 Dico
1525 233 1668 287 enim,
1705 227 1931 294 Christum
1957 230 2114 298 Jefitm
2146 239 2282 284 mini-

438 327 453 336 ·
488 327 504 337 -
538 296 653 345 fram
676 297 811 363 sunjai
839 299 968 362 goths
999 301 1058 347 du
1077 317 1147 363 ga·
1206 300 1362 363 strum
1369 293 1547 359 saelum
1584 324 1599 334 ·
1625 323 1650 334 -
1673 323 1698 333 -
1724 309 1922 363 propter
1941 302 2173 349 veritatem
2190 303 2285 353 Dei

1223 366 1290 412 ad
1303 363 1657 426 confirmandum
1677 367 1975 434 promiffiones
1992 380 2193 430 potrum.

1292 446 1337 490 9.
1376 430 1544 480 Gentes
1563 443 1709 479 autem
1721 445 1915 497 propter
1925 432 2283 496 misericordiam

1224 492 1448 545 bonorare
1461 495 1621 547 Deum.
1657 499 1786 547 Sicut
1797 497 2023 565 firiptum
2043 504 2125 565 est:
2141 517 2283 566 prop-

1222 574 1344 609 terea
1365 562 1601 628 confitebor
1626 563 1710 613 tibi
1737 566 1785 612 in
1804 565 2040 631 gentibus,
2075 568 2282 625 Domine,

1223 630 1272 678 ἔθ’
1289 633 1459 675 nomini
1483 630 1575 677 Tuo
1595 629 1795 682 cantabo,

1294 708 1368 743 10.
1403 695 1473 743 Et
1501 699 1663 744 iterum
1688 698 1799 746 dicit
1818 735 1830 756 ,
1880 698 2106 749 loetamini
2126 711 2288 768 gentes

1223 774 1322 808 cum
1340 760 1469 825 plebe
1489 762 1594 823 ejus.

1295 841 1368 874 11.
1406 828 1474 875 Et
1503 832 1667 875 iterum
1696 827 1805 877 dicit
1826 845 1842 877 .·
1895 833 2114 880 extollite
2133 850 2282 883 omnes

1219 905 1378 959 gentes
1397 894 1649 942 Dominum
1663 931 1675 950 ‚
1711 897 1759 945 δ’
1780 898 2006 944 extollant
2020 915 2117 946 eum
2138 917 2284 950 omnes

1216 961 1395 1026 populi.

1296 1039 1368 1075 12.
1401 1027 1471 1075 Et
1499 1030 1662 1075 iterum
1698 1024 1866 1089 Esaias
1892 1031 1986 1076 ait:
2021 1033 2110 1077 erit
2139 1030 2285 1080 radix

1220 1090 1364 1157 Jeffe‚
1412 1095 1461 1144 ΕΤ
1488 1097 1565 1159 qui
1595 1091 1811 1160 exfisrgn
1840 1110 1994 1161 regere
2017 1108 2196 1162 gentes,
2241 1101 2287 1147 in

1224 1175 1270 1208 eo
1287 1170 1440 1227 gentes
1452 1158 1719 1224 sperabunt.

1298 1308 1372 1407 13.
1409 1292 1540 1342 Deus
1558 1305 1708 1342 autem
1729 1290 1827 1359 spei
1859 1293 2035 1359 repleat
2060 1311 2137 1345 vos
2164 1299 2286 1347 omni

1218 1374 1314 1426 gau
1352 1375 1408 1408 ιο.

766 1596 1587 1659 ANNOTATIONES.

1026 1701 1169 1745 CAP.

1258 1701 1345 1747 XI.

1061 1783 1178 1834 Vers.
1219 1801 1294 1848 34,

81 1872 132 1930 a)
170 1849 442 1935 Vitubnjis,
476 1869 683 1920 scientiae:
721 1889 743 1918 a
765 1876 928 1929 wltan,
962 1869 1091 1930 scire,
1149 1874 1293 1920 Sveth.
1315 1886 1447 1922 weta.
1516 1872 1731 1918 Nominis
1752 1870 1903 1918 eadem
1925 1868 2069 1920 forma
2092 1873 2168 1933 est,
2201 1894 2296 1938 quae

83 1940 124 1984 in
144 1937 391 2001 waldufni,
438 1941 659 2000 potentia,
685 1938 908 2005 fastubm‘,
941 1940 1181 2000 jeiunium,
1205 1939 1486 2008 frazstubnt‘‚
1521 1941 1725 1991 tentat'10,
1759 1936 2017 2002 ‹wundnfiii‚
2053 1942 2193 2003 plaga,

283 2003 335 2068 b)
377 2003 727 2071 Unusfptlloda,
765 2005 1090 2064 inenarrabilia,
1124 2004 1348 2072 aspmon,
1385 2023 1574 2053 narrare.

550 2071 726 2134 Qibus
748 2073 875 2133 copia
897 2070 955 2116 est
985 2071 1181 2120 codicem
1214 2072 1356 2135 ipsum
1385 2073 1596 2128 adeundi,
1630 2070 1826 2129 videant,
1869 2089 2015 2118 annon
2047 2091 2132 2134 pro
2153 2093 2294 2125 unus-

71 2135 276 2200 spilr'oda
307 2135 518 2197 scriptum
552 2139 796 2183 inveniatur
826 2135 1173 2201 unusspdffia'os,
1211 2142 1255 2186 id
1283 2139 1430 2187 saltem
1460 2139 1656 2197 analogia
1686 2138 1845 2197 linguae
1875 2140 2079 2197 requirit.

85 2205 200 2248 enim
224 2203 487 2249 vocabulum
508 2200 567 2248 est
588 2199 791 2247 feminini
813 2205 999 2262 generis.
1024 2220 1065 2250 v.
1083 2207 1185 2267 Joh,

90 2069 491 2124 Stiernhz‘elmium.

1644 2007 1711 2050 De
1742 2022 1831 2064 quo
1859 2005 2006 2052 videsis
2025 2008 2223 2071 Junium
2251 2010 2295 2058 8(

2148 2143 2298 2191 Staua

1211 2219 1257 2264 7,
1278 2219 1354 2265 24.
1377 2206 1449 2250 cui
1466 2203 1594 2247 aliam
1617 2204 1970 2248 terminationem
1988 2221 2077 2250 non
2097 2212 2296 2255 conveni-

84 2287 152 2326 re,
187 2266 357 2314 schema
376 2269 741 2329 participiorum,
779 2265 892 2314 infra
912 2266 1288 2330 subiungendum,
1326 2265 1604 2316 manifestum
1624 2266 1791 2313 reddet.

260 2334 597 2402 Unbdassidai,
621 2351 710 2381 non
728 2332 1025 2397 adsequeudae,
1046 2343 1228 2394 ἀκίχητα,
1277 2340 1375 2383 Vox
1396 2332 1584 2382 formata
1605 2333 1659 2380 ab
1681 2330 1928 2395 Ulphilano
1946 2333 2138 2401 laistjan,
2159 2333 2294 2400 sequi.

257 2483 303 2548 c)
339 2487 575 2552 Ragineis,
608 2483 906 2533 Confiliarius.

971 2481 1044 2531 Isl.
1065 2429 1370 2551 reigirif'quae
1390 2499 1473 2529 vox
1494 2482 1538 2527 in
1558 2479 1700 2530 Edda
1727 2480 1769 2528 &
1783 2480 1991 2546 Voluspa
2013 2480 2125 2546 saepe
2145 2503 2297 2535 occur-

87 2553 158 2598 rit.
182 2548 253 2597 str.
275 2559 304 2598 6
335 2550 432 2600 Tlla
455 2555 625 2617 g'eingu
647 2555 793 2616 reigin
816 2551 880 2597 ὂΙΙ
897 2564 924 2597 α
961 2548 1200 2613 rockstola‚
1234 2565 1331 2596 tum
1358 2548 1591 2596 consiliarii
1624 2548 1811 2594 deorum
1839 2545 1956 2594 sedes
1984 2546 2077 2596 suas
2112 2569 2296 2615 occupa.

81 2635 200 2664 runt.
271 2621 320 2663 In
351 2618 514 2665 Codice
540 2618 765 2677 Argenteo
794 2619 991 2683 raginon
1021 2618 1062 2665 δι
1084 2620 1349 2685 garaginon
1377 2616 1584 2662 denotant
1611 2611 1832 2660 consulere
1855 2651 1866 2671 ‚
1917 2614 2143 2664 confilium
2181 2619 2297 2669 dare.

79 2686 184 2746 Joh.
214 2702 228 2731 1
244 2693 285 2741 8,
311 2699 386 2744 14.
421 2700 498 2730 nec
518 2700 608 2729 non
632 2684 866 2743 imperare.
902 2684 1010 2731 Luc.
1036 2699 1077 2743 3,
1102 2702 1145 2735 1.
1181 2685 1445 2749 Raginondi
1455 2698 1483 2729 n
1508 2682 1714 2729 Puntiau
1739 2681 1950 2729 Pellatau
1982 2684 2160 2743 iudaia,
2193 2697 2298 2742 ‘Hw-

16 2777 31 2786 ν
84 2756 280 2807 pontion-09
298 2757 424 2798 nourc‘u
443 2753 587 2798 Πιλᾶτυ
605 2756 665 2798 τῖς
682 2754 849 2799 ’Ὠδαίας
878 2744 995 2809 Cap.
1020 2767 1066 2811 2,
1088 2768 1133 2801 2.

1203 2748 1496 2815 Raginondin
1517 2747 1708 2798 Saurim
1728 2748 2027 2813 Kyreinaiazss
2053 2757 2297 2808 Ἢγεμοηόω-

90 2839 149 2864 τος
169 2823 228 2864 τῆς
248 2823 374 2875 Συρίαις
395 2819 547 2873 Κυξηνίυ.
603 2811 977 2878 Fidurraiginis‚
1011 2819 1229 2878 τετςιέςχης.
1256 2819 1307 2862 ln
1327 2817 1526 2862 animum
1558 2814 1738 2870 induco,
1772 2814 1999 2874 regiminis
2025 2812 2298 2875 significatio·

89 2894 190 2924 nem
212 2879 313 2925 huic
335 2880 433 2925 voci
454 2878 664 2933 additam,
698 2876 932 2940 postquam
955 2881 1146 2943 imperio
1169 2885 1371 2930 Romano
1392 2898 1545 2946 parere
1574 2882 1822 2942 inceperant
1842 2879 1996 2938 Gothi,
2014 2896 2169 2943 utpote
2192 2899 2300 2942 quo·

1208 2951 1250 2995 O
2193 2964 2295 2994 rum
