2473 3380
132 154 191 190 12
717 133 832 185 HE
848 103 1143 186 UPELH
1172 130 1745 187 DtsSERTATto

232 244 436 287 bit-andum
452 241 526 292 est,
553 242 650 297 quin
668 246 837 298 genuina
860 245 895 284 &
924 243 1104 283 canonica
1131 241 1317 297 scriptura:
1344 256 1433 283 nov.
1461 242 1676 283 testamenti
1699 257 1781 296 pars
1808 243 1872 292 fit,
1899 242 2084 297 quicquid
2107 244 2222 286 etiam
2239 244 2346 299 Hugo

235 304 386 345 Grotius
406 307 442 344 &
467 304 668 344 Theodorus
686 306 783 344 Beza
800 305 1069 346 contradicant.
1126 303 1215 345 Vid.
1235 301 1435 356 dzffirtatio,
1458 316 1577 356 quam
1595 302 1641 343 de
1659 303 1809 343 historia
1827 305 1887 344 illa
1905 306 2172 345 celeberrimus
2189 305 2347 345 Scherze-

233 378 298 403 rus
317 362 459 412 edidit,
482 364 541 404 vel
558 364 602 405 Β.
626 362 802 404 Walther.
831 363 987 401 harmon.
1017 360 1093 400 bibl.
1115 373 1192 413 pag
1227 375 1301 412 492,
1323 361 1425 414 fi’qq.
1482 363 1726 402 Gratulamur
1751 374 1879 403 autem
1908 368 2039 413 nobis,
2067 368 2173 421 quod
2201 366 2350 420 claufida
2406 400 2408 402 ,
2459 346 2463 347 ⁷

233 423 399 461 orationis
420 421 593 460 dominicae
604 451 613 468 ,
644 421 781 473 (quam
799 434 879 459 non
896 418 1065 471 agnoscit
1082 418 1197 458 editio
1222 417 1377 473 Vulgata
1397 420 1523 466 latina,
1541 430 1656 472 atque
1668 419 1839 459 Robertus
1859 421 2088 464 Bellarminus
2106 428 2141 465 8(
2161 424 2348 464 Maldona-

234 490 294 517 eus
313 479 434 518 textui
453 479 671 528 evangelico
690 492 711 516 a
728 474 868 517 Graecis
888 476 1057 516 additam
1082 479 1114 516 ἅ
1136 473 1314 516 insertam
1340 475 1412 517 ess‘e
1440 477 1720 530 contendunt,)
1744 480 1786 518 in
1809 479 1879 519 hac
1899 481 2064 522 verfione
2091 496 2191 525 extet
2211 485 2350 527 Matth.

175 565 177 569 -
236 540 293 578 Vl
328 550 426 576 com²
451 549 483 583 3.
538 539 635 576 Item
653 536 757 587 quod
776 537 925 589 legatur
943 539 983 576 in
1000 549 1041 576 ea
1059 535 1201 578 Matth.
1219 549 1298 589 cap.
1318 538 1475 578 xxvlL
1498 551 1642 579 comm.
1665 550 1700 590 9.
1725 552 1801 578 vox
1827 538 2015 589 Jeremiae‚
2041 556 2157 595 quam
2172 549 2221 587 D,
2243 547 2349 585 Geor-

234 598 315 650 gius
337 593 494 632 calixtus
519 593 556 630 in
571 591 729 633 concord.
748 592 942 647 evangelist.
962 591 1021 632 lib.
1040 594 1108 633 VI.
1129 604 1203 644 cap.
1223 606 1261 634 ιι.
1291 594 1326 632 8(
1352 591 1556 645 expofitione
1584 593 1726 633 litterali
1752 594 1893 633 aetnam
1920 597 2179 649 apostolicorum
2203 600 2250 639 ad
2274 615 2351 652 cap,

237 655 322 693 VII.
342 665 377 692 v.
399 663 449 700 ¹4·
475 662 566 689 cum
586 650 817 703 quibusdam
837 652 1069 693 Calvinianis
1089 653 1124 691 ὃς
1142 652 1539 694 Romano-Catholicis
1564 653 1610 693 ab
1640 653 1817 706 imperito
1839 657 2023 707 quopiam
2047 655 2162 696 scriba
2187 661 2308 698 textui
2331 673 2353 698 e

236 711 412 762 margine
432 707 609 749 insertam
627 710 720 759 effe,
744 711 957 752 arbitrntur.
1012 712 1116 752 Hinc
1134 712 1238 752 enim
1259 713 1383 753 evadit
1399 711 1643 754 manifestum
1658 745 1666 754 .
1693 715 1733 753 in
1752 716 2019 766 antiquiffimis
2045 717 2239 758 codicibus
2258 721 2353 759 Grae-

239 772 292 811 cis
311 770 376 810 ista
395 768 575 818 extitisse,
603 771 773 822 alioquin
792 769 864 810 suae
880 767 1040 812 versioni
1056 783 1136 811 non
1160 768 1341 810 intulisset
1367 768 1546 823 Ulphilas,
1570 782 1685 824 atque
1704 772 1757 813 ita
1773 772 1927 813 leffioni
1953 775 2071 827 vulgo
2094 786 2250 828 receptae
2274 790 2354 816 non

240 842 377 882 parum
395 829 576 884 ponderis
595 830 831 875 conciliatur.

1146 963 1186 1021 ς.
1256 961 1334 1007 v1.

270 1073 550 1135 Colophonis
571 1073 671 1120 loco
690 1088 914 1134 apponere
933 1071 1054 1119 iuvat
1073 1088 1122 1117 ex
1144 1069 1361 1118 clarissimi
1381 1068 1558 1124 Verelii
1577 1068 1917 1139 Runographia
1940 1070 2175 1130 Scandica‚
2201 1071 2357 1137 Ulphi-

140 1158 297 1209 lanum
319 1159 361 1206 ἃ
373 1161 595 1209 Runicum
614 1157 919 1226 alphabetum,
939 1159 1041 1219 a)&
1060 1157 1217 1204 deinde
1236 1175 1286 1204 ex
1302 1156 1493 1205 versione
1512 1159 1656 1208 nostra
1675 1165 1919 1211 orationem
1939 1162 2219 1220 dominicam,
2231 1179 2358 1223 atque

141 1246 421 1314 evangelium
439 1250 485 1296 in
505 1247 575 1296 die
594 1250 852 1297 nativitatis
869 1243 1038 1314 Christi
1061 1243 1281 1292 salvatoris
1302 1243 1451 1303 nostri,
1473 1244 1752 1309 superaddita
1771 1248 1822 1295 de
1843 1248 1975 1296 verbo
1996 1250 2050 1296 ad
2066 1250 2246 1296 verbum
2269 1267 2360 1296 ver·

139 1333 256 1382 fione
273 1334 427 1392 latina,
461 1335 579 1382 unde
597 1335 831 1383 benevolus
848 1333 986 1382 leffior
1003 1350 1100 1382 tum
1125 1334 1179 1382 de
1191 1334 1372 1396 lingua,
1408 1349 1504 1381 tum
1531 1334 1574 1382 &
1594 1336 1931 1396 quodammodo
1957 1337 2010 1384 de
2046 1337 2247 1398 qualitate
2265 1353 2360 1386 ver-

138 1420 269 1469 {ionis
288 1421 506 1470 iudicium
524 1420 638 1472 ferre
665 1420 812 1486 poffir.

251 1582 417 1626 Observa
473 1585 514 1636 ι)
540 1584 700 1636 Junium
716 1597 850 1626 notam
867 1585 1163 1637 nonagenariam
1176 1613 1186 1633 ‚
1214 1595 1305 1624 cum
1324 1598 1409 1625 eam
1426 1599 1506 1626 non
1524 1583 1729 1626 observavit
1748 1585 1787 1625 in
1806 1586 1888 1626 cod.
1907 1599 1986 1639 arg.
2006 1597 2113 1627 textu
2130 1588 2170 1627 in
2189 1586 2361 1641 alphabe-
2430 1611 2434 1614 -

144 1657 229 1688 tum
249 1649 504 1702 Ulphilanum
530 1663 609 1690 non
639 1649 829 1702 recepisse.
888 1648 1045 1688 Verelius
1072 1650 1175 1689 illam
1203 1663 1223 1689 e
1247 1649 1360 1689 censu
1379 1650 1673 1703 Ulphilanarum
1692 1651 1902 1689 litterarum
1929 1650 1999 1690 else
2019 1661 2148 1704 putat,
2176 1651 2370 1704 quoniam'

147 1725 228 1751 non
245 1722 395 1752 tantum
414 1714 454 1752 in
472 1712 663 1753 indicibus
682 1713 956 1765 marginalibus
977 1714 1018 1752 in
1036 1713 1120 1753 cod.
1140 1727 1218 1765 arg.
1237 1711 1349 1754 suum
1367 1714 1480 1754 habet
1499 1716 1628 1753 locum
1638 1728 1650 1761 3
1677 1713 1740 1753 sed
1768 1715 1881 1754 etiarn
1913 1716 2010 1754 inter
2038 1717 2173 1755 litteras
2190 1715 2360 1770 Ulphila-

147 1788 214 1815 nas
231 1776 395 1816 recenset
411 1789 431 1815 a
452 1775 587 1829 Bouav.
608 1775 775 1815 Vulcania
793 1790 876 1827 ²597·
897 1776 1012 1830 Lugd.
1031 1777 1114 1816 Eat.
1135 1777 1258 1816 editus
1276 1780 1539 1816 commentarius
1554 1780 1592 1816 in
1611 1776 1743 1815 litteras
1762 1775 1930 1816 Gothicus
1948 1779 2134 1829 Anonymi,
2154 1780 2221 1832 qui
2240 1779 2362 1819 forsan

89 1851 92 1854 ’
150 1837 279 1878 codice
297 1852 378 1891 arg·
399 1839 597 1891 integriori
617 1837 705 1878 usus
723 1838 786 1887 fit,
815 1851 933 1891 quam
951 1852 1055 1879 nunc
1074 1838 1136 1879 est.
1194 1842 1233 1891 2)
1260 1843 1457 1880 Incertum
1477 1840 1570 1888 effe,
1596 1851 1729 1879 utrum
1749 1854 1795 1879 ex
1814 1841 1964 1881 duobus
1992 1843 2138 1882 ultimis
2166 1843 2362 1884 elementis

148 1901 362 1954 Ulphilanis
381 1902 513 1942 ordine
529 1902 733 1955 praecedat,
762 1903 797 1941 3<
818 1904 972 1942 numeri
999 1911 1077 1954 700
1100 1915 1190 1942 nota
1209 1903 1263 1942 sit.
1325 1906 1366 1953 3)
1387 1908 1482 1945 ''I'res
1498 1906 1624 1944 Runas
1643 1904 1795 1943 ultimas
1823 1905 1920 1943 inter
1938 1907 2131 1948 Mali-unas
2152 1908 2215 1948 vix
2229 1908 2362 1947 locum

149 1963 296 2007 habere.
352 1964 450 2006 Usus
468 1978 600 2006 earum
617 1965 669 2007 est
685 1968 727 2006 in
749 1967 1045 2018 computatione.
1072 1966 1184 2007 Conf.
1210 1967 1250 2006 V
1246 1966 1325 2006 erel.
1341 1967 1577 2022 tIx'mzograph.
1598 1980 1675 2019 cap.
1694 1968 1779 2006 Vll.
1797 1964 1846 2007 ξδ’
1859 1969 1961 2011 XIII.

904 2118 1182 2164 ORATIO
1218 2120 1607 2169 DOMINICA.

1039 2203 1179 2244 Mattlz.
1197 2205 1265 2251 Vr,
1291 2216 1314 2257 9
1340 2204 1388 2243 ad
1408 2217 1466 2254 14.

153 2303 264 2344 Pater
279 2303 394 2357 noster
414 2315 455 2343 tu
507 2307 545 2344 in
599 2303 689 2347 εαῖο,
796 2301 1037 2354 δαηὲἳξήὶεηιν
1053 2320 1176 2346 nomen
1191 2319 1312 2346 tuum:
1337 2306 1499 2346 adveniat
1581 2319 1729 2360 regnum
1806 2319 1927 2347 tuum:
2025 2305 2099 2357 fiat
2150 2306 2309 2349 voluntas

152 2370 245 2409 Atta
284 2365 394 2406 unior
415 2365 485 2406 thu
505 2366 545 2405 in
564 2364 773 2405 himinam:
803 2366 844 2419 b)
872 2366 1034 2407 Veihnai
1055 2380 1170 2407 namo
1190 2368 1314 2407 theiu:
1343 2368 1499 2421 Qimai
1519 2363 1770 2406 thiudinassus
1795 2366 1938 2406 theins:
1973 2365 2144 2406 Vairthai
2196 2368 2285 2418 vilja

177 2465 257 2502 tua,
301 2452 395 2506 ficut
410 2455 448 2493 in
500 2453 576 2492 coelo
653 2452 698 2494 &
711 2452 824 2506 fitper
840 2467 994 2494 ter-rame
1026 2456 1159 2494 Panem
1193 2454 1351 2506 nostram
1379 2453 1575 2505 (Articul.)
1585 2465 1799 2505 perpetuum
1819 2453 1863 2492 da
1880 2451 1974 2492 nohis
2054 2452 2171 2493 hodie:
2292 2454 2338 2498 {a

150 2515 287 2556 theins.
322 2513 382 2556 sve
402 2516 443 2555 in
466 2514 613 2555 himina
642 2513 705 2565 jah
739 2528 810 2554 ana
843 2513 992 2554 airthai:
1021 2515 1133 2554 Hlaif
1178 2513 1360 2554 unsarana
1414 2513 1527 2553 thana
1605 2510 1788 2552 sinteinan
1804 2512 1869 2564 gif
1886 2525 1960 2552 uns
1985 2512 2253 2566 himmadaga3
2288 2515 2361 2568 Jah

152 2604 288 2641 remitte
305 2601 418 2650 nobis,
443 2604 542 2641 cuivs
611 2604 663 2640 rei
732 2600 858 2654 fimms
868 2616 883 2649 3
926 2600 1020 2653 ficut
1097 2600 1142 2643 Εἴ
1169 2616 1227 2640 uos
1246 2603 1453 2640 remittimus
1472 2598 1659 2651 (Artical.)
1679 2601 1744 2638 reis
1800 2598 2211 2653 (dehitovibus)11‹›s1‘ris:
2270 2632 2271 2635 ,
2315 2601 2361 2644 δ’

177 2661 264 2703 aflet
317 2675 391 2704 uns
435 2661 551 2703 thatei
567 2661 722 2704 skulans
741 2661 893 2713 fijaima.
921 2661 980 2702 sva
996 2660 1056 2702 sve
1072 2662 1138 2714 jah
1157 2664 1232 2703 veis
1285 2662 1437 2702 afletam
1491 2660 1611 2701 thaim
1632 2659 1783 2700 skulam
2040 2659 2249 2702 unsaraim:
2287 2662 2359 2716 Jah

2317 2764 2359 2790 m

201 2876 241 2927 a)
262 2878 363 2918 Vide
378 2878 453 2919 hoc
471 2879 713 2933 alphabetum
731 2879 836 2934 supra
853 2882 893 2920 ln
912 2879 1131 2920 colleffione
1150 2877 1373 2941 scriptorum
1392 2876 1562 2941 generos.
1582 2877 1623 2918 ab
1641 2879 1721 2920 Ihre
1736 2879 1810 2922 tab.
1830 2880 1892 2920 111.
1912 2878 1959 2921 ad
1976 2882 2063 2932 pag-4
2083 2890 2173 2920 200·

203 2926 245 2981 b)
267 2931 354 2973 Hoc
368 2931 476 2985 {igno
495 2936 615 2975 utitur
641 2933 794 2987 Ulplzilas
810 2937 850 2975 in
868 2936 1036 2976 oratione
1054 2934 1261 2985 completa,
1286 2934 1372 2973 alias
1389 2932 1466 2987 hocv
1480 2933 1527 2984 (.)
1949 2951 1954 2953 ·
2005 2970 2008 2971 γ
