2473 3380
295 131 602 185 GORDON
633 130 765 182 SPE
770 129 1006 185 CIMEN
1016 129 1640 186 ANIMADVERSION.
1662 130 2111 187 CRITICARUM
2242 150 2295 197 51

225 246 342 292 NIU
369 242 770 304 FARSWARAIS,
804 260 890 292 non
912 243 1193 309 periurabis)
1225 260 1454 306 peccatum
1484 244 1556 292 hie
1591 244 1703 292 male
1733 243 1971 307 separando
1998 262 2149 305 voces,
2185 249 2302 294 NIU

88 310 467 359 FARSWARAlS
493 328 576 373 pro
604 313 1112 359 NIUFARSWARAIS.
1182 310 1352 357 Scilicet
1374 311 1537 357 codicis
1555 314 1744 372 argentei
1770 311 1982 374 scriptura
2000 314 2206 360 continua
2227 313 2300 372 est,

87 375 173 423 sine
193 377 292 423 ullis
312 376 549 424 verborum
573 376 829 435 intervallis,
863 376 939 424 nifi
965 376 1143 436 quando
1173 374 1472 437 interpunfflo
1504 394 1552 424 ea
1579 378 1768 427 dirimat.
1819 382 1908 425 Hie
1936 394 2081 426 autem
2110 379 2298 428 editores

88 444 133 489 in
154 439 353 490 fraudem
373 443 592 505 impulisse
612 445 783 490 videtur
802 440 1019 505 respeE'tus
1049 444 1343 489 recentiorum
1369 441 1678 500 dialeffiorum,
1717 445 1904 506 Anglicae
1930 447 2141 491 nimirum
2158 481 2170 502 ,
2203 448 2298 494 Bel-

80 511 216 570 gicae,
244 509 329 559 ὅτε.
365 527 462 570 quae
483 508 666 557 efferunt
682 507 933 573 foiswear,
967 506 1236 571 vcrfiaeren,
1271 508 1352 555 ὅτε.
1419 509 1502 556 Sed
1523 513 1639 556 FAR
1664 509 2043 573 praepositionem,
2076 509 2158 557 sive
2178 509 2297 574 sepa·

86 590 248 633 ratam,
284 574 366 622 sive
395 579 439 622 in
469 575 809 638 compositione,
845 572 1024 636 prorsus
1051 576 1252 635 ignorant
1271 574 1437 624 Gothiz
1473 592 1613 636 neque
1646 593 1804 623 eorum
1830 577 1978 639 lingua
2005 581 2121 624 NIU
2151 595 2204 627 ne
2233 582 2298 627 vel

84 656 172 690 non
194 657 335 700 notat,
371 640 442 689 sed
460 658 626 699 nonne,
659 645 703 688 U
722 639 882 705 syllaba
910 639 1125 688 adieffitia
1143 640 1263 700 apud
1281 640 1380 687 illos
1406 638 1533 688 usum
1559 640 1780 703 praestante
1806 643 2026 704 particulae
2057 644 2297 695 latinorum

85 709 405 770 interrogativae
424 709 466 755 ὅτ
484 709 735 755 dubitativae
753 723 817 755 ne.
887 707 949 753 lta
966 724 1069 754 vero
1102 707 1262 752 dicitur
1287 706 1706 756 UFARSWARAN
1726 713 1955 774 peierare,
1988 727 2011 756 a
2040 713 2297 760 SWARAN

87 774 266 830 iurare,
298 774 675 834 quemadmodum
705 775 1113 820 UFARMUNAN
1144 770 1363 837 oblivfi‘i,
1397 776 1537 820 Marc.
1564 781 1608 834 8,
1633 790 1705 834 14·
1735 777 1857 822 cuius
1882 775 2063 839 simplex
2088 776 2148 824 est
2174 782 2299 827 MU-

89 843 231 887 NAN
244 854 439 905 putare,
466 859 490 887 a
511 858 600 901 quo
619 842 946 898 GAMUNAN
967 836 1213 902 meminff.
1280 841 1336 885 Et
1356 837 1553 886 similiter
1570 840 2115 902 prorsusAnglo-Saxones
2134 842 2301 912 ofergi-

85 918 167 955 tan
180 939 192 960 ‚
228 905 452 965 oblivisci,
487 908 637 954 dicunt
660 923 684 953 a
698 909 831 973 gitan
851 921 994 952 tenere
1008 943 1018 963 ,
1053 904 1228 965 assequi,
1257 905 1373 951 unde
1387 917 1572 972 gytenes
1590 909 1798 968 cognitio,
1817 910 2012 970 itemque
2029 907 2297 979 ofercytlzed,

89 975 167 1034 qui
186 968 289 1019 falsa
311 971 483 1020 testatus
503 972 587 1030 est,
620 991 643 1020 a
661 970 821 1041 cythim
839 970 1002 1028 testari,
1037 968 1374 1035 oferfi'venrejffi
1393 987 1664 1034 contemtus,
1697 973 1980 1034 negligentia,
2013 994 2037 1023 a
2047 975 2161 1039 fion
2182 979 2296 1026 vide.

85 1057 157 1094 re,
193 1033 442 1102 oferllyran
463 1041 804 1100 immorigerum
824 1037 926 1092 effe,
958 1037 1174 1096 abnuere,
1205 1036 1258 1084 ab
1278 1037 1426 1104 kyran
1446 1038 1622 1099 audire3
1656 1038 1824 1100 aliaque
1856 1040 1987 1101 plura
2011 1043 2206 1091 eiusdem
2227 1063 2298 1106 ge·

85 1107 219 1153 neris.
250 1109 289 1165 c)
360 1107 453 1168 Qui
474 1122 619 1151 tamen
637 1104 842 1167 usurpant
861 1106 991 1151 etiam
1000 1103 1215 1170 sorgitan
1236 1101 1446 1160 oblivisci,
1454 1101 1793 1171 forgewimyſjb
1811 1102 1968 1154 falsum
1986 1107 2298 1169 testimonium,

85 1189 110 1220 a
125 1168 375 1240 gewitnyffe
395 1171 694 1218 testimonium
708 1207 720 1231 ,
741 1170 927 1236 foyfs‘eon
946 1171 1178 1233 negligere,
1204 1167 1535 1236 forstewennyffit
1557 1187 1823 1229 contemtus;
1859 1173 2083 1235 iidemque
2100 1192 2298 1237 pronun-

83 1235 498 1303 tiantf02swaerian
518 1240 734 1300 peierare,
767 1256 790 1286 a
797 1239 1002 1302 swerian
1020 1240 1184 1294 iurare,
1220 1238 1261 1284 ὅ(
1282 1238 1420 1285 multa
1440 1238 1609 1285 fimilia.
1675 1241 1739 1285 Ut
1758 1238 1868 1286 adeo
1899 1238 2159 1289 huiusmodi
2179 1260 2299 1293 com·

82 1303 452 1367 posituramque·
474 1303 631 1351 scilicet
649 1303 893 1365 neglefflum
913 1306 980 1351 vel
999 1304 1339 1366 praeteritionem
1358 1306 1421 1352 rei
1439 1302 1712 1365 simplicibus
1730 1303 1876 1352 verbis
1891 1320 2048 1354 notatae
2065 1307 2297 1371 designant,

81 1371 246 1433 duplex
265 1372 380 1433 apud
392 1373 742 1434 Anglo-Saxones
760 1371 807 1418 sit
825 1368 1049 1428 formatio,
1061 1387 1143 1416 una
1167 1370 1347 1429 quidem
1366 1368 1566 1433 cumfor
1583 1388 1606 1417 a
1624 1370 1813 1418 Gothica
1827 1372 2134 1434 praepositione
2154 1378 2298 1423 FAU.

80 1441 157 1485 Ra
177 1439 242 1485 vel
256 1441 289 1484 F
293 1441 430 1494 AUR‚
449 1446 562 1500 πειραὶ,
579 1450 752 1501 proeter
764 1438 905 1498 (quod
924 1454 1060 1498 genus
1070 1438 1198 1483 etiam
1217 1438 1353 1498 magis
1373 1437 1555 1484 invaluit
1564 1439 1854 1484 recentiorum
1875 1437 2159 1487 dialeGorum
2180 1440 2301 1507 usu,)

79 1504 209 1551 alteru
231 1521 333 1551 vero
354 1521 455 1551 cum
476 1502 575 1566 ofer
592 1503 646 1550 ab
667 1507 841 1562 UFAR,
870 1516 964 1566 ἆπὲς,
993 1517 1154 1558 trans,·
1188 1503 1320 1563 idque
1348 1519 1473 1549 more
1493 1503 1651 1565 linguae
1670 1505 1854 1559 Graecae,
1888 1521 1986 1565 quae
2012 1507 2109 1555 talia
2136 1511 2301 1569 pariter

46 1591 49 1594 ⁴
82 1588 351 1633 componere
370 1568 478 1617 solet
496 1587 599 1616 cum
627 1569 728 1631 ipsis
757 1577 861 1633 araga*
888 1571 927 1616 ἃ
957 1581 1052 1632 ὑφεὶς.
1107 1571 1171 1615 Ita
1198 1566 1451 1616 examussim
1478 1567 1740 1632 respondent
1755 1567 1961 1633 sorstmz,
1995 1570 2193 1637 ofhrffion
2224 1586 2298 1629 τοῖς

75 1646 258 1698 τψςῶ,
283 1645 469 1696 ῠπιςοςοῖη
496 1636 538 1682 ὅτ
562 1634 945 1703 ,[ονὲιτὲεάηςβι,
987 1632 1354 1702 ofergaegednff
1378 1633 1673 1699 transgressio,
1709 1635 1944 1695 delistum,
1979 1649 2051 1692 τοῖς
2076 1645 2300 1702 medeam,

80 1709 282 1761 ὖπέςβοισις.
1043 1697 1222 1751 Minth-
1247 1717 1295 1762 5,
1332 1716 1410 1765 33·

216 1767 334 1811 ITH
355 1769 620 1816 USGIBAIS
640 1772 841 1816 FANIN
862 1766 1022 1818 redde's
1040 1781 1186 1817 autem
1213 1769 1408 1826 domino)
1441 1766 1507 1815 Ab
1522 1767 1743 1816 omnibus
1756 1806 1767 1826 ,
1802 1783 2025 1829 quotquot
2042 1769 2118 1816 has
2138 1770 2301 1820 litteras

80 1832 337 1892 attigerunt,
369 1832 576 1882 haEienus
600 1835 816 1882 creditum
834 1832 935 1891 fuit,
957 1837 1003 1881 in
1023 1835 1215 1882 Gothica
1235 1834 1562 1896 evangeliorum
1581 1836 1937 1896 interpretatione
1957 1839 1995 1882 F
1997 1840 2087 1882 AN
2105 1836 2191 1883 dici
2211 1855 2297 1900 pro

79 1897 284 1953 domIn0;
323 1899 428 1947 &id
454 1903 642 1947 maxime
662 1901 739 1948 ubi
760 1904 878 1948 Deus
902 1901 1128 1950 Dominus
1148 1901 1412 1964 appellatur.
1482 1900 1617 1964 Qtod
1647 1918 1788 1962 quum
1818 1917 2043 1961 tamquam
2071 1919 2156 1964 pro
2178 1920 2298 1952 com·

80 1980 208 2026 petto
227 1964 457 2024 haberent,
491 1968 589 2014 inde
609 1984 746 2028 porro
773 1966 1044 2014 coniesturas
1063 1967 1166 2014 alias
1196 1965 1324 2028 super
1343 1966 1448 2012 alias
1473 1965 1767 2027 multiplicare
1795 1967 1914 2014 haud
1940 1966 2150 2015 cessarunt
2175 1968 2296 2018 desti

82 2029 303 2080 homines.
372 2034 464 2097 Qi
482 2035 602 2080 vocis
622 2032 742 2079 istius
761 2033 936 2096 vestigia
963 2035 1009 2079 in
1036 2031 1271 2099 Tanfana,
1304 2033 1430 2079 cuius
1458 2032 1677 2094 templum
1697 2034 1858 2080 Tacito
1887 2048 2163 2081 memoratur
2181 2041 2296 2089 Ann.

90 2113 129 2154 1,
163 2112 238 2157 51.
266 2097 309 2144 ὃ(
336 2099 381 2144 ἰη
409 2101 723 2146 MATRIBUS
751 2102 1160 2159 AUFANIABUS,
1191 2109 1382 2159 quarum
1408 2099 1612 2145 meminit
1636 2096 1862 2161 inscriptio
1885 2099 2005 2162 apud
2035 2099 2295 2162 Reinefium,

82 2179 131 2210 ac
150 2163 338 2224 denique
361 2166 406 2210 in
427 2165 644 2212 hodierno
665 2163 879 2213 Zutfaniae
898 2167 1077 2213 nomine
1105 2164 1430 2227 deprehendere
1459 2162 1537 2211 fibi
1564 2163 1640 2212 visi
1664 2165 1781 2223 sunt3
1814 2166 2007 2226 itemque
2031 2166 2127 2228 aliis
2148 2168 2192 2213 in
2213 2168 2295 2215 Iin-

85 2232 183 2291 guis
198 2246 377 2291 cognata
399 2233 436 2278 ei
456 2231 668 2278 vocabula
687 2229 940 2292 agnoscere,
976 2235 1145 2289 Panes,
1178 2233 1350 2280 Fauni.
1387 2229 1744 2288 Fones,-Fanae‚
1779 2231 1988 2288 deorum,
2023 2232 2293 2295 dearumque

82 2299 280 2359 nomina,
308 2299 527 2346 Martiano
545 2298 730 2359 Capellae
758 2314 1022 2356 memorata,
1072 2307 1199 2358 ,sinae
1233 2296 1472 2361 Hesychii‚
1514 2297 1637 2357 quod
1664 2314 1814 2360 regem
1842 2312 2085 2356 notaverat,
2132 2300 2296 2347 Celtica

80 2364 216 2417 Bann
235 2363 389 2421 altum,
408 2365 503 2414 Pen
523 2380 678 2426 caput,
706 2367 1092 2426 sarmatarumque
1111 2367 1244 2430 Pany
1278 2364 1399 2424 quod
1426 2362 1577 2410 itidem
1604 2363 1839 2414 dominum
1869 2361 2095 2425 significem
2130 2366 2295 2426 quique

82 2429 281 2476 arbitrati
299 2427 419 2490 sunt,
453 2448 548 2478 eam
585 2429 723 2492 ipsam
752 2447 902 2479 vocem
931 2432 1051 2493 apud
1071 2435 1253 2489 SuecOS,
1290 2431 1368 2489 qui
1397 2430 1531 2491 vulgo
1560 2429 1793 2477 diabolum
1816 2431 1910 2478 Fan
1934 2445 2113 2488 vocant,
2145 2433 2294 2479 etiam-

82 2496 190 2542 dum
210 2497 386 2554 durare,
418 2495 498 2546 usu
522 2512 694 2544 eatenus
713 2513 942 2554 mutatam,
968 2514 1017 2545 ut
1035 2500 1078 2544 in
1096 2499 1257 2545 malam
1276 2510 1446 2558 partem
1467 2511 1635 2543 tantum
1656 2495 1844 2542 dicatur:
1877 2497 1921 2542 id
1941 2496 2063 2557 quod
2082 2496 2126 2544 ὅ(
2145 2499 2190 2544 in
2211 2498 2296 2545 dae·

80 2565 226 2611 monis
244 2579 351 2611 voce
374 2564 540 2613 accidit.
611 2564 715 2613 vid.
735 2568 827 2627 Jac.
851 2566 994 2612 Gron.
1024 2564 1079 2611 ad
1098 2567 1209 2612 Tac,
1238 2563 1283 2611 d.
1304 2563 1334 2611 l.
1364 2564 1546 2610 Loccen.
1564 2561 1803 2623 Sueogoth,
1830 2564 1962 2621 antiq.
1991 2579 2087 2624 cap.
2112 2578 2156 2625 3.
2185 2567 2293 2627 Jun.

81 2628 220 2678 Gloss.
242 2629 384 2680 Goth.
410 2646 452 2682 v.
473 2632 625 2689 FAN,
659 2630 701 2677 ἃ
721 2632 925 2678 Wachter
941 2628 1084 2680 Gloss'.
1106 2632 1261 2678 Germ.
1292 2645 1331 2676 v.
1360 2628 1513 2677 Bann.
1581 2631 1783 2676 Attamen
1803 2644 1885 2676 vox
1906 2631 2034 2674 FAN
2092 2633 2294 2707 quamvif

1215 2713 1244 2758 g
1277 2711 1331 2745 2ἶ
2128 2711 2294 2757 mgentt

181 2814 248 2859 702,
275 2801 302 2849 ἕ
319 2808 388 2856 ἐγῶ
406 2813 509 2852 aaz&
523 2813 622 2861 ὑμῖν,
649 2810 855 2863 wimiis-1
875 2818 937 2852 κοιὶ
955 2809 1030 2865 ζοιῖ
1045 2817 1132 2863 Em,
1156 2824 1358 2861 vertuntur,
1376 2809 1466 2852 Tho
1493 2809 1632 2850 vaurda
1658 2808 1761 2850 thoei
1786 2809 1826 2849 ik
1849 2809 1981 2849 rodida
1998 2810 2092 2866 izqis
2117 2810 2228 2852 ahma
2247 2811 2295 2852 ist-

179 2866 242 2917 jah
262 2865 397 2905 libains
417 2865 461 2907 ist
534 2866 609 2905 Nec
627 2880 749 2904 reram
766 2865 834 2914 cll,
862 2863 983 2905 mim
1004 2867 1126 2920 ,ibique
1139 2880 1206 2919 per
1225 2867 1331 2907 allata
1348 2871 1385 2903 in
1399 2862 1576 2918 fingulscri
1592 2875 1735 2901 numero
1752 2863 1957 2914 tranferri.
2018 2864 2117 2901 Nam
2126 2863 2290 2916 plurium

109 2952 118 2964 ,
179 2932 366 2957 numerum
373 2917 503 2971 fiepius
518 2917 562 2958 ab
586 2917 722 2971 Ulphila
741 2917 904 2967 adhiberi,
923 2919 1096 2972 ostendent
1115 2919 1233 2959 Marc.
1251 2930 1340 2969 9,12.
1363 2931 1407 2964 ιο,
1426 2928 1472 2957 20
1494 2921 1544 2961 28.
1565 2929 1599 2964 ¹1,
1617 2928 1655 2956 τι.
1677 2927 1717 2953 ut
1732 2913 1839 2953 multo
1849 2913 2011 2968 plurima
2030 2915 2097 2955 alia
2117 2919 2288 2964 omittam.

128 2970 165 3021 c)
191 2971 305 3011 Plura
324 2971 389 3010 lmc
401 2973 619 3026 pertinentia
635 2972 792 3026 exempla
809 2970 961 3013 dedimus
978 2975 1016 3014 iu
1034 2971 1220 3013 Glossario
1239 2969 1491 3023 Suiogothico
1517 2970 1560 3008 T.
1579 2968 1632 3007 ΙΙ.
1649 2981 1693 3021 p.
1717 2979 1792 3020 305,
