2473 3380
156 118 255 173 186
809 101 1379 159 DISSERTATIO
1411 101 1700 164 PRIMA,

154 221 392 288 Episcopi,
425 215 729 282 Gloffizrium,
762 218 885 278 quod
906 216 945 263 se
964 215 1112 262 vidiffe
1131 214 1305 262 testatur
1326 209 1451 262 Phil.
1472 210 1672 278 Jacobus
1689 209 1956 278 Maustzcus,
1992 213 2038 259 in
2066 210 2266 276 Dgffirt0'
2282 215 2370 264 cri·

153 296 271 347 tica,
304 285 508 336 adiunEia
530 287 619 349 eJus
638 285 1026 350 Harpocrationi,
1059 299 1104 342 Ρ.
1130 296 1218 339 335
1235 316 1246 335 ,
1282 281 1451 341 quippe
1472 279 1617 338 quod,
1650 283 1848 339 quamvis
1878 280 2015 327 multa
2043 282 2254 328 vocabula
2275 284 2368 328 Go-

153 359 270 406 thica
289 356 331 404 &
357 354 537 402 barbara
558 353 840 414 explicuerit,
875 348 1065 394 Gothice
1085 362 1228 393 tamen
1247 343 1462 407 scriptum
1483 362 1573 391 non
1591 341 1689 393 fuit.
1755 345 1929 394 Potiori
1944 347 2040 409 jure
2060 346 2158 392 heic
2177 364 2369 394 comme-

155 439 379 479 moretur,
411 420 533 480 quod
563 419 788 464 memoriae
819 413 972 475 prodit
991 414 1197 480 Angelus
1226 409 1424 468 Roccha,
1470 412 1517 456 in
1542 412 1779 472 appendice
1809 411 2097 461 Bibliothecae
2130 414 2370 463 Vaticanoe

157 508 206 553 p.
233 494 352 552 396,
383 485 540 533 exstare
569 483 768 529 videlicet
789 481 998 526 Bononiae
1028 481 1072 526 in
1102 479 1266 526 aedibus
1299 479 1613 525 canonicorum
1638 478 1905 538 regularium
1930 479 2098 525 ordinis
2119 482 2159 525 S.
2179 479 2372 526 Salvato-

159 559 220 605 ris
237 593 247 612 ,
284 550 610 615 ephemerides,
643 549 792 609 lingua
813 545 1147 607 Longobardica
1179 543 1466 608 conscriptas,
1501 543 1544 592 &
1568 542 1712 605 aliqua
1737 544 1843 604 alia,
1874 544 2025 607 lingua
2040 545 2234 595 Gothica
2257 546 2372 608 pari-

159 637 225 671 ter
245 634 429 668 exarata:
465 615 539 663 sed
556 632 650 676 quae
671 613 815 675 qualia
838 611 917 661 fint
936 614 1205 676 ignoramus,
2374 630 2376 633 >

1180 724 1222 783 ᾗ.
1289 724 1372 773 IV.

294 821 414 866 Inter
442 816 520 865 illa
551 815 682 873 vero,
726 830 822 875 quae
849 812 987 861 hodie
1021 824 1188 871 extant,
1238 810 1421 858 indubia
1447 809 1594 872 palma
1621 808 1803 857 debeturv
1826 809 1964 860 codici
1988 818 2197 877 argenteo
2230 804 2377 874 Upstz-

162 887 286 953 lierfi
297 922 309 943 ,
342 885 426 931 five
448 885 605 932 chartae
627 881 904 943 splendorem
922 877 1112 941 spegies,
1144 878 1226 925 five
1246 877 1493 939 scriptionis
1522 877 1739 938 peculiare
1761 876 1990 924 artificium
2005 915 2016 935 ,
2044 879 2097 924 de
2125 893 2215 935 quo
2237 891 2378 934 quum
2413 933 2415 935 ι

163 956 210 1001 in
226 950 369 1019 pra’s.
390 951 445 997 ad
472 945 717 1015 Ulplzilam
736 947 1013 1012 illtgstratum
1032 946 1233 1006 pluribus
1260 945 1475 1006 egerimus
1490 981 1501 1001 ,
1532 961 1648 989 nunc
1670 943 1805 998 nihil,
1837 942 1915 989 nisi
1943 945 1972 980 ἓν
1990 937 2130 993 ποιςόδᾳ
2151 941 2377 999 addemus,

163 1019 247 1068 five
276 1018 450 1065 tandem
482 1018 767 1076 quantitatem
797 1011 1071 1074 superstitem
1098 1010 1316 1073 respicias.
1386 1009 1513 1057 Ceffit
1539 1010 1632 1068 ille,
1668 1024 1718 1055 ut
1746 1006 1860 1056 infra
1885 1008 2087 1071 pluribus
2118 1007 2377 1064 narrabitur,

165 1085 442 1133 bibliothecae
476 1080 629 1128 nostrae
658 1079 846 1141 publicae
881 1096 929 1124 ex
956 1078 1210 1125 liberalitate
1246 1076 1476 1123 academiae
1508 1092 1604 1122 tum
1641 1075 1883 1122 cancellarii
1923 1075 2122 1136 regiique
2156 1072 2386 1131 senatoris,

164 1153 293 1213 regiae
326 1148 584 1194 cancellariae
611 1144 801 1207 praefidis
828 1144 869 1189 &
897 1145 998 1190 dein
1027 1145 1150 1201 regni
1173 1141 1388 1199 Drotseti,
1425 1139 1693 1187 illustrissimi
1720 1144 1859 1189 Dom.
1889 1141 2064 1187 comitis
2082 1139 2252 1204 Magni
2272 1138 2375 1188 Ga-

165 1217 321 1266 brielis
343 1212 651 1278 Delagardie,
685 1212 809 1256 cuius
830 1226 925 1268 quae
950 1209 1032 1256 alia
1060 1210 1106 1253 in
1134 1210 1243 1255 hanc
1271 1206 1538 1254 academiam
1566 1204 1700 1253 fuerit
1725 1205 2044 1263 munificentia,
2077 1204 2252 1252 testatur
2273 1221 2378 1253 cum

167 1282 310 1328 editus
334 1279 583 1326 donationis
605 1277 844 1338 catalogus,
881 1292 977 1321 tum
995 1275 1105 1330 hoc,
1133 1275 1174 1321 ἃ
1199 1274 1358 1334 quovis
1377 1272 1463 1319 alio
1483 1288 1770 1319 monumento
1792 1274 2029 1334 perennior
2057 1272 2214 1317 animis
2237 1269 2379 1332 poste·

166 1364 324 1396 rorum
343 1346 554 1392 inhaerens
584 1345 819 1390 veneratio.
890 1345 1045 1403 Quum
1074 1358 1177 1387 vero
1206 1339 1368 1387 codicis
1397 1339 1524 1401 hujus
1553 1337 1885 1401 descriptionem
1913 1338 2225 1385 accuratiorem
2246 1353 2381 1383 nemo

167 1415 258 1462 huc
276 1429 415 1472 usque
443 1411 629 1466 dederit,
665 1425 760 1456 rem
789 1425 860 1456 me
891 1405 1043 1456 lesiori
1068 1424 1158 1457 non
1184 1407 1400 1471 ingratam
1424 1403 1641 1455 fafiuram
1665 1405 1817 1470 spero,
1845 1404 1876 1459 fi
1905 1402 2051 1469 ipsum
2068 1404 2258 1467 propius
2278 1419 2379 1466 conf

168 1480 445 1545 spiciendum
465 1476 715 1540 praebuero,

1180 1580 1224 1650 §.
1293 1585 1360 1638 V.

304 1676 462 1732 Codex
490 1687 727 1743 argenteus
753 1689 943 1723 exaratus
967 1670 1025 1722 est
1045 1675 1090 1722 in
1109 1675 1253 1722 charta
1271 1672 1595 1723 membranacea
1615 1668 1792 1733 formae,
1827 1687 1960 1735 quam
1988 1686 2187 1734 quartam
2207 1674 2380 1732 vocant,

169 1747 330 1807 illaque
350 1745 550 1807 pertenui
570 1744 610 1789 ὅ(
632 1742 809 1789 sollicite
827 1743 1031 1801 laevigata.
1086 1740 1224 1788 Color
1242 1743 1335 1787 eius
1361 1741 1416 1787 est
1436 1758 1711 1803 purpureus,
1745 1738 1817 1787 sed
1834 1743 1891 1787 ita
1901 1757 2075 1798 ttamen,
2110 1755 2160 1786 ut
2179 1740 2380 1802 quaedam

171 1814 290 1861 illius
309 1810 571 1858 membranae
591 1807 841 1869 pallidiores
863 1806 1166 1862 observentur,
1201 1807 1241 1853 ὅ(
1263 1807 1317 1852 ad
1338 1808 1579 1853 violaceum
1599 1806 1814 1855 accedant.

304 1877 455 1932 Folia,
502 1891 597 1934 quae
627 1892 651 1920 a
692 1875 906 1934 temporis
944 1873 1105 1918 iniuria
1146 1869 1414 1930 conservata,
1470 1871 1624 1918 nostris
1653 1873 1741 1934 jam
1781 1886 1980 1919 teruntur
2015 1869 2244 1928 manibus,
2286 1868 2384 1918 sunt

173 1960 395 1990 crxxxvm
418 1940 490 1987 seu
509 1941 680 2001 paginae
704 1955 937 1985 ccetxxvn
989 1951 1217 1998 quumque
1243 1939 1409 2000 integer
1436 1935 1555 1984 foliis
1581 1952 1819 1984 tercentum
1848 1938 2002 1998 viginti
2030 1936 2287 1995 constiterit,
2319 1933 2382 1984 fa-

171 2011 253 2056 cile
273 2011 385 2056 ratio
407 2009 566 2064 initur,
601 2021 806 2066 quantam
829 2005 918 2067 ejus
937 2002 1148 2067 jaEiuram
1169 2001 1417 2053 fecerimus.
1453 2002 1502 2064 *)
1568 2002 1699 2050 Unde
1725 2019 1869 2049 autem
1890 2002 1972 2050 hos
1993 2001 2180 2050 calculos
2200 2020 2381 2066 ponere,

172 2075 427 2132 didicerim,
462 2089 604 2134 quum
626 2072 741 2119 haud
763 2070 895 2118 dubie
912 2068 1019 2117 scire
1037 2085 1157 2117 aveat
1175 2067 1313 2118 leCior
1340 2088 1489 2130 meus,
1521 2087 1615 2117 rem
1633 2069 1786 2116 ordine
1807 2067 2012 2120 narrabo·
2249 2115 2254 2122 .

2272 2133 2380 2182 divi-

221 2256 268 2308 *J
293 2259 428 2296 Facere
445 2269 524 2295 non
538 2255 688 2307 possum
701 2285 710 2302 ,
741 2256 837 2307 quin
855 2256 940 2296 heic
955 2255 1031 2295 loci
1050 2268 1373 2302 commemorem,
1402 2269 1469 2308 per
1485 2256 1653 2294 amicum
1672 2252 1864 2305 quendam
1881 2265 2016 2292 meum
2031 2264 2154 2303 nuper
2162 2263 2234 2289 *me
2252 2253 2379 2291 moni·

275 2320 363 2349 tum
387 2309 480 2356 effe,
516 2309 619 2348 haud
644 2309 764 2348 fallaci
792 2310 935 2349 indicio
962 2322 1054 2348 eum
1082 2308 1401 2356 ani-madvertiss‘e,
1437 2309 1578 2346 codicem
1604 2305 1774 2347 nostrum
1800 2318 2019 2360 argenteum,
2055 2317 2180 2355 quum
2206 2305 2379 2356 primum

276 2359 514 2402 bibliothecae
540 2361 740 2401 Holmenfi
766 2361 987 2409 inferretur,
1024 2362 1198 2413 pluribus
1225 2374 1341 2412 quam
1376 2360 1501 2412 postea
1525 2361 1622 2400 foliis
1649 2358 1860 2398 constitisse,
1918 2357 2175 2409 Interrogatus
2201 2357 2306 2397 unde
2338 2357 2380 2398 id

275 2414 531 2468 comperisset,
568 2414 731 2454 ostendit
756 2414 933 2462 Johamzis
966 2414 1031 2451 le.
1059 2414 1170 2455 Bra-ei
1196 2412 1413 2451 Adelrunam
1443 2412 1653 2458 redivivam,
1697 2423 1780 2462 quae
1809 2410 1967 2448 audior-is
1995 2423 2115 2448 manu
2141 2423 2242 2448 anno
2272 2411 2369 2457 1641

279 2467 433 2521 scripta,
462 2469 503 2507 in
523 2468 752 2507 bibliotheca
776 2466 899 2505 nostra
918 2466 1068 2519 publica
1087 2466 1306 2519 ass'ervatur,
1334 2465 1400 2504 ubi
1420 2467 1564 2518 aliquot
1588 2463 1768 2503 voeabula
1793 2476 1838 2502 ex
1856 2462 2024 2501 Matthaei
2051 2463 2169 2514 capite
2195 2464 2305 2502 tertio
2329 2464 2379 2503 ci-

277 2532 423 2569 tantur,
454 2534 537 2572 qua·
556 2520 668 2561 hodie
689 2520 852 2570 amplius
877 2531 958 2558 non
975 2518 1133 2566 exstare,
1161 2520 1262 2570 typis
1290 2528 1435 2558 exarata
1460 2518 1631 2570 exempla
1659 2516 1775 2555 fidem
1802 2515 1958 2556 faciunt.
2015 2514 2070 2554 lta
2097 2530 2184 2555 vero
2212 2516 2294 2555 ille:
2325 2517 2380 2556 At

275 2576 342 2614 mis
359 2573 511 2626 fbrdom
535 2572 600 2611 bar
630 2572 750 2612 wared
773 2570 898 2610 hrzaekat
910 2572 987 2623 fo'r
1012 2573 1103 2623 mig,
1128 2574 1270 2619 [wimar
1295 2569 1378 2618 dcd,
1395 2559 1473 2622 [ἴω
1499 2584 1548 2608 aer
1570 2581 1665 2621 telget
1691 2581 1777 2607 utar
1800 2568 1908 2619 Ulfifce
1927 2567 2079 2620 Gdttslta
2105 2567 2249 2608 Biblien.
2275 2568 2378 2608 Mat.

275 2641 320 2677 3,
347 2641 385 2668 ιι,
423 2624 568 2664 svantos
596 2639 617 2664 a
642 2624 750 2664 miffa
772 2624 914 2674 fbrtz'or
939 2638 1011 2671 me,
1039 2626 1110 2676 mig
1127 2622 1313 2674 forstark.
1341 2622 1377 2663 h.
1409 2637 1439 2662 e.
1480 2624 1585 2675 quod
1611 2624 1675 2661 mis
1704 2623 1797 2661 olim
1823 2621 2045 2674 usurpatum
2071 2621 2186 2660 fuerit
2212 2635 2287 2673 pro,
2307 2624 2378 2676 φηζς

277 2679 402 2729 (milli)
421 2678 575 2718 testatur
595 2680 652 2724 id,
682 2678 787 2730 quod
805 2676 975 2716 sumtum
995 2675 1045 2715 est
1064 2689 1109 2714 ex
1128 2677 1256 2715 Bibliis
1275 2674 1450 2716 Gothicis
1469 2676 1630 2728 Ulphilae
1648 2675 1771 2718 Math.
1796 2688 1827 2723 3,
1854 2688 1893 2713 11
1917 2676 2068 2725 svamos
2086 2688 2107 2711 a
2125 2671 2231 2726 miffiz.
2288 2676 2374 2725 Ego

273 2732 343 2771 ubi
371 2731 447 2776 haec
475 2732 587 2770 verba
606 2732 716 2769 Burei
739 2727 902 2783 perlegi,
931 2729 1179 2769 animadverti
1205 2728 1349 2777 statim,
1380 2743 1464 2769 vere
1490 2727 1767 2780 Moesogothica
1793 2727 1884 2774 esse,
1920 2739 2003 2779 quae
2030 2726 2167 2772 adfert,
2195 2727 2280 2765 licet
2310 2728 2374 2766 ali·

274 2786 507 2835 quantulum
525 2786 670 2831 vitiata,
699 2796 822 2835 quum
841 2780 1062 2833 ἱσ-χυςᾶτεςος
1082 2796 1132 2829 με
1149 2783 1314 2834 requirat
1327 2781 1515 2833 fizintlzoza
1538 2789 1614 2832 mis.
1662 2782 1735 2821 Sed
1760 2782 1903 2833 aliquot
1925 2779 2007 2832 post
2033 2779 2130 2824 dies,
2160 2791 2283 2830 quum
2301 2779 2373 2829 Jo-

275 2836 397 2873 hannis
417 2836 564 2888 (im-opii
580 2838 705 2875 [fecum
727 2836 963 2874 eoalzodanica
982 2836 1220 2883 evolverem,
1250 2835 1497 2888 deprehendi,
1526 2836 1682 2874 Emeum
1706 2833 1770 2873 sua
1795 2834 1873 2873 haee
1897 2832 1986 2872 inde
2012 2830 2189 2872 sumfiffe,
2245 2833 2289 2871 In
2318 2835 2373 2874 rei

276 2886 395 2928 fidem
420 2890 530 2930 verba
554 2889 681 2930 Becam'
706 2903 752 2931 cx
776 2890 915 2943 pagina
940 2900 1018 2941 750
1047 2888 1231 2933 adferam,
1284 2889 1347 2930 Ex
1376 2887 1488 2929 eodem
1511 2887 1695 2941 Evangelio
1723 2886 1915 2939 (Marcum
1940 2897 2062 2938 nuper
2086 2885 2372 2935 nominaverat>

1705 2951 1708 2953 ’
2258 2951 2371 2980 unum
