2473 3380
321 112 428 166 DE
464 107 726 165 CODICE
757 105 1070 162 ARGENT.
1105 108 1214 161 ΕΤ
1232 108 1599 163 LITTERAT!
1636 108 2105 165 MOESOGOYH.
2205 128 2301 166 211

89 223 165 275 cos
183 224 410 275 transierit.
481 223 563 269 Vel
581 222 611 271 fi
627 222 681 270 ab
698 220 862 269 Ebraeis
882 237 955 270 aut
974 221 1251 269 Phoenicibus
1269 221 1314 269 id
1334 222 1526 271 derivare
1545 224 1692 281 malis,
1727 222 1898 285 semper
1914 241 2069 272 verum
2089 223 2169 284 est,
2198 224 2306 288 figu-

88 308 182 337 ram
204 292 245 339 ἃ
262 288 426 346 nomen
443 304 540 336 toto
559 289 664 336 caelo
687 291 773 335 iam
790 286 1044 350 discrepare.
1112 289 1248 353 Qod
1268 305 1411 335 tamen
1429 291 1617 352 propius
1636 291 1690 337 ad
1707 308 1801 337 rem
1821 286 1953 346 facit,
1986 308 2306 341 commemorat

87 370 211 405 antea
231 358 429 404 laudatus
449 357 640 405 Marius
662 356 947 415 Wfflorinus,
980 351 1228 417 episemon‚
1264 355 1318 401 de
1339 373 1429 416 quo
1449 355 1589 403 sermo
1611 355 1692 412 est,
1726 355 1914 416 figuram
1934 356 2127 403 habuisse
2147 359 2191 404 G
2209 359 2304 406 lati-

87 439 251 468 norum
267 422 474 472 fimilenu
539 421 684 468 Verba
704 424 795 468 eius
823 420 919 467 sunt
950 438 999 482 p.
1022 427 1145 480 2461
1183 420 1467 485 Scripsteram
1487 436 1638 471 autem
1663 418 1807 480 vobzie,
1841 439 1905 472 ex
1932 424 2111 471 adimis
2135 428 2305 484 nastros

68 484 226 553 solum
242 488 302 536 X
312 484 531 554 recepiffe,
567 488 612 536 F
629 504 733 537 vero
758 487 806 536 G
837 489 886 537 δ’
916 486 971 552 Q
990 491 1038 534 in
1059 486 1242 535 Groecis
1267 493 1402 534 etiam
1429 489 1598 537 litteris
1615 487 1776 552 suffe,
1813 489 1864 539 Εἴ
1880 504 1996 538 nunc
2024 485 2123 551 ff,
2147 487 2233 548 sed
2250 490 2300 540 G

83 569 268 603 numero
289 553 388 611 Vl,
419 573 450 615 q
475 558 725 619 nonaginta
735 555 780 620 fi
815 554 1013 610 nificare.
1080 554 1175 615 =Q1i
1204 569 1306 597 vero
1336 570 1439 600 cum
1466 554 1547 601 hac
1572 555 1775 602 litteraG
1805 555 2028 616 digamma
2044 553 2300 605 Gothicum

82 616 284 666 conferre
305 622 517 678 voluerit,
553 622 742 667 inveniet
781 619 909 676 acile,
942 614 1173 663 discrimen
1192 620 1424 676 utriusque
1441 621 1647 681 exiguum
1667 621 1770 677 esse,
1805 621 1848 668 ὅ(
1872 623 1917 667 in
1945 639 1998 668 eo
2029 623 2158 669 unIce
2177 630 2297 685 verti,

83 685 206 745 quod
227 687 429 733 dextrum
450 688 572 735 latini
590 687 789 732 elementi
808 700 908 730 crus
926 680 1044 729 iustae
1058 699 1152 728 non
1172 682 1220 729 fit
1237 682 1493 747 altitudinis,
1563 685 1637 732 Est
1656 688 1785 733 etiam
1798 719 1811 742 ‚
1844 687 1923 734 ubi
1942 688 2054 734 linea
2073 688 2149 734 illa
2173 696 2297 750 peni-

82 765 153 799 tus
174 767 475 812 praetereatur,
511 753 553 799 &
575 751 800 813 episemon
821 751 907 795 hoc
926 764 976 795 ut
993 751 1028 794 C
1048 750 1308 795 Graecorum
1325 752 1368 794 in
1394 748 1751 812 inscriptionibus
1780 751 1950 814 piaum
1978 769 2201 812 occurrat,
2237 760 2297 809 ita

82 832 134 863 ut
152 816 234 865 KC
259 834 380 866 notet
412 824 476 868 26
491 856 502 877 ‚
538 835 618 865 ceu
644 818 764 879 apud
783 816 1072 881 Scaligerum
1093 815 1124 862 l.
1146 832 1179 865 c.
1200 815 1242 861 δι
1258 814 1673 879 Montfauconium,
1708 836 1755 879 p.
1786 827 1872 874 128
1897 821 2128 886 Paloeogr.
2147 819 2297 875 videre

79 883 192 931 licet.
262 884 371 940 Sed,
407 886 577 945 inquis,
611 887 688 944 qui
707 881 799 929 fieri
820 884 991 944 potuit,
1026 896 1075 927 ut
1097 881 1266 936 Graeci,
1301 881 1363 926 illi
1384 880 1466 928 soli
1488 897 1685 929 veterum
1713 882 1930 944 sapientes
1942 885 2103 944 habiti,
2134 903 2221 947 pro
2256 897 2272 928 ἱ

79 966 249 1010 ponere
267 951 491 997 voluerint
508 977 546 1007 e,
576 966 759 1009 eamque
779 947 965 1008 figuram
985 962 1074 996 vau
1096 949 1384 1008 nuncupare?
1416 951 1526 1009 Ego,
1543 949 1704 995 etiarnsi
1726 950 1926 1009 Oedipus
1947 968 2034 996 non
2052 950 2131 997 {im
2146 988 2156 1008 ‚
2191 946 2302 998 nodi

76 1031 222 1073 tamen
241 1016 371 1063 huius
391 1011 655 1062 solutionem
675 1013 976 1077 periclitabor.
1044 1012 1232 1059 Probavi
1256 1030 1419 1075 nuper,
1455 1030 1602 1061 veram
1622 1013 1805 1076 episemi
1831 1013 2017 1075 figuram
2036 1013 2161 1063 fuisse
2180 1014 2230 1054 *ὅ
2254 1015 2298 1061 G

34 1140 44 1143 „
76 1080 287 1140 similem,
322 1082 453 1128 huius
472 1097 582 1131 vero
605 1082 717 1128 linea
733 1078 1033 1128 transversaria
1050 1078 1079 1126 si
1097 1079 1329 1139 paululum
1352 1079 1580 1139 dilatetur,
1611 1079 1751 1142 figura
1770 1082 1932 1138 evadit,
1966 1099 2101 1142 quam
2121 1100 2209 1145 pro
2232 1082 2300 1127 lit-

76 1144 270 1194 terarum
289 1150 325 1193 C
347 1147 388 1194 &
408 1162 432 1182 ‘r
461 1147 728 1208 compendio
757 1147 1048 1210 tachygraphi
1072 1143 1198 1191 facile
1228 1143 1472 1192 habuiffent
1501 1147 1561 1205 (v.
1584 1147 1702 1195 Tab.
1725 1150 1801 1194 111.
1822 1145 1962 1207 figura
1983 1149 2050 1207 8).
2119 1153 2174 1196 Et
2190 1151 2295 1196 hine

73 1209 241 1260 fastum
258 1211 340 1259 esse
360 1228 541 1275 reputo,
577 1229 639 1270 ut,
666 1214 754 1260 alio
775 1212 1024 1273 scriptionis
1045 1210 1336 1272 com-pendiO,
1371 1228 1456 1272 pro
1477 1212 1719 1259 maioribus
1734 1212 1805 1258 his
1827 1213 1978 1258 litteris
1999 1227 2022 1251 ἴ
2049 1214 2203 1263 deinde
2222 1232 2288 1265 re⁴²

74 1275 327 1341 posuerint:
363 1296 460 1343 quae
475 1278 626 1328 eadem
642 1281 759 1337 ratio
781 1276 896 1329 forte
911 1275 1025 1340 fuit,
1057 1295 1135 1327 cur
1150 1290 1182 1339 ej
1204 1275 1322 1336 eliso,
1339 1280 1369 1326 ,S
1389 1291 1560 1326 tantum
1576 1278 1763 1329 latinum
1778 1275 2024 1342 scripserint
2040 1280 2126 1328 alii.

1055 1387 1100 1453 ς.
1169 1391 1299 1441 xxx,

206 1481 319 1526 Non
341 1477 521 1538 dubito,
556 1481 666 1541 quin
685 1480 846 1536 audax,
881 1479 940 1542 ὅτ,
959 1477 990 1525 fi
1010 1477 1157 1528 minus
1183 1474 1419 1535 absonum,
1453 1489 1496 1522 at
1512 1482 1710 1539 πιςιίὲοξω
1730 1491 1877 1524 tamen
1899 1477 2050 1525 multis
2072 1477 2284 1537 obveniat,

70 1543 194 1606 quod
211 1546 390 1609 Scythas
410 1548 669 1594 Graecorum
689 1545 919 1608 magistros
939 1545 1130 1593 edamus,
1204 1541 1288 1589 Sed
1315 1559 1407 1602 quo
1425 1544 1562 1603 magis
1584 1542 1695 1588 hanc
1719 1561 1814 1590 rem
1841 1547 1886 1590 in
1912 1561 2093 1592 omnem
2112 1561 2283 1606 partem

69 1608 218 1667 verso,
252 1628 306 1657 eo
328 1614 466 1673 magis
493 1614 539 1658 in
569 1612 643 1658 illa
671 1615 882 1673 opinione
911 1609 1174 1666 confirmor,
1209 1625 1353 1669 eoque
1383 1608 1516 1670 plura
1541 1605 1584 1653 se
1613 1607 1803 1656 offerunt
1824 1610 1958 1657 huius
1979 1614 2041 1657 rei
2060 1611 2222 1657 indicia
2243 1612 2286 1659 δι

69 1676 345 1725 documenta.
413 1681 476 1724 Ut
493 1679 644 1740 paucis
672 1675 908 1740 defungar,
940 1675 1044 1724 scire
1063 1677 1204 1733 iuvat,
1238 1672 1485 1721 institutum
1515 1673 1602 1721 hoc
1628 1690 1708 1734 per
1731 1675 1893 1723 litteras
1921 1677 2204 1734 numerandi,
2240 1680 2287 1724 in

66 1742 282 1789 Graeciam
300 1739 433 1790 serius
453 1741 675 1790 inveffium
695 1741 838 1792 fuiffe.
908 1747 1046 1802 Nam,
1070 1741 1217 1802 quoad
1237 1740 1291 1788 ab
1310 1741 1439 1786 initio
1458 1738 1646 1786 sedecim
1665 1738 1758 1787 suas
1778 1742 1939 1788 litteras
1957 1743 2162 1800 habuere,
2191 1741 2289 1791 fieri

66 1809 140 1854 vix
159 1807 202 1854 δι
220 1826 274 1854 ne
290 1809 361 1855 vix
379 1809 563 1868 quidem
581 1811 753 1871 potuit,
787 1826 837 1857 ut
855 1803 901 1857 id
919 1811 979 1855 eis
1006 1810 1052 1854 in
1080 1823 1275 1855 mentem
1299 1807 1487 1863 veniret,
1521 1822 1664 1866 quum
1693 1807 1747 1854 ad
1772 1808 1890 1854 hunc
1921 1823 2190 1870 computum·
2214 1827 2287 1856 ne·

65 1872 325 1930 :effarier-28
347 1874 413 1920 vel
432 1872 578 1921 saltem
600 1888 662 1937 27
680 1878 1007 1937 requirerentur
1028 1872 1202 1922 diversae
1220 1874 1461 1920 litterarum
1479 1870 1643 1934 figurae.
1711 1873 1800 1920 Sub
1820 1875 1971 1938 Trojae
1989 1892 2092 1922 vero
2114 1875 2283 1922 ultimis

0 1966 6 1972 2
65 1937 167 1988 fatis
189 1942 387 2002 primum
408 1958 433 1987 a
453 1942 698 1990 Palamede
719 1958 924 2002 quatuor,
944 1943 987 1988 &
1008 1941 1086 1988 diu
1105 1938 1254 2001 postea
1273 1956 1298 1985 a
1320 1939 1548 1988 Simonide
1568 1938 1612 1998 δε)
1631 1939 1717 1994 vel,
1752 1956 1802 1986 ut
1821 1940 1892 1986 alii
1912 1941 2084 1998 docent,
2095 1941 2147 1987 ab
2161 1941 2210 1988 E
2205 1945 2281 2006 pi-

67 2011 270 2063 charmo,
287 2006 474 2054 totidem
492 2007 586 2054 aliae
603 2009 759 2055 Graeco
780 2007 1014 2070 alphabeto
1036 2004 1209 2053 adiegaeae
1240 2003 1360 2051 sunt:
1399 2006 1529 2051 etiam
1561 2004 1647 2050 illae
1673 2022 1702 2051 a
1721 2004 2024 2063 PhoenIcibus‚
2058 2022 2108 2053 ut
2126 2007 2280 2053 volunt

68 2071 249 2129 eruditi,
278 2087 508 2121 mutuata-z
537 2070 617 2132 **)
650 2074 823 2121 evidens
844 2075 988 2134 itaque
1007 2070 1087 2128 est,
1121 2069 1305 2117 nonnisi
1326 2069 1425 2131 post
1446 2071 1538 2120 haec
1559 2086 1783 2135 tempora,
1814 2088 1938 2129 eum,
1967 2073 2045 2132 qui
2073 2074 2161 2118 iam
2179 2088 2280 2119 con-

66 2135 273 2198 spicitur,
318 2137 522 2184 ordinem
547 2139 720 2185 Graecas
747 2140 908 2186 litteras
934 2134 1141 2193 nancisci,
1187 2137 1231 2183 ἃ
1256 2136 1310 2182 ad
1339 2134 1473 2184 usum
1484 2136 1827 2185 :arithmeticum
1853 2137 2051 2184 adhiberi
2075 2137 2279 2199 potuiss'e.

65 2205 194 2249 Tum
213 2219 317 2250 vero
337 2220 418 2264 per
437 2204 569 2266 plura
596 2204 686 2250 iam
717 2203 856 2251 secula
874 2204 1135 2267 Scytharum
1162 2219 1265 2264 gens
1296 2201 1524 2259 floruerat,
1554 2200 1687 2248 miffis
1709 2202 2057 2262 quaquaversum
2077 2204 2278 2261 coloniis,

65 2270 289 2331 partisque
307 2273 484 2330 tropaeis
506 2271 588 2317 late
608 2287 690 2330 per
710 2271 864 2317 orbem
883 2271 1009 2318 clara.
1078 2268 1251 2315 Deinde
1266 2266 1298 2314 fi
1320 2268 1461 2313 Graeci
1491 2268 1629 2330 prim-i
1659 2267 1843 2314 modum
1871 2268 1989 2314 hunc
2009 2269 2169 2315 litteras
2190 2286 2278 2330 pro

64 2336 260 2382 numeris
285 2335 481 2396 ponendi
510 2338 750 2383 commenti
777 2333 976 2392 fuissent,
1011 2352 1183 2394 quaero,
1221 2351 1367 2381 annon
1393 2351 1478 2394 pro
1506 2350 1631 2380 more
1648 2333 1908 2380 Ebraeorum
1929 2334 2278 2394 Gothorumque

65 2398 151 2447 suis
169 2399 247 2447 fibi
264 2403 460 2462 propriis
479 2401 631 2449 litteris
657 2399 777 2449 usuri
795 2399 991 2457 fuissent,
1027 2401 1173 2460 quoad
1193 2401 1321 2460 copia
1346 2396 1454 2458 fuit3
1489 2416 1629 2460 quum
1649 2398 1753 2446 vero
1772 2399 1826 2445 ad
1849 2413 1914 2461 24
1941 2415 2203 2461 perventum
2219 2398 2279 2447 es-

64 2464 148 2522 set,
180 2481 275 2512 tum
297 2467 476 2517 demum
495 2466 654 2529 figuras
675 2469 777 2515 alias
796 2468 1037 2530 technicaS,
1070 2466 1380 2526 undecumque
1400 2462 1583 2524 sumtas,
1615 2464 1888 2514 adhibituri?
1924 2466 1973 2512 ld
1993 2481 2103 2513 certe
2120 2464 2274 2522 fecere,

1274 2532 1483 2589 Dd2‚
2168 2531 2280 2579 dum

104 2627 155 2677 ΔΨ)
184 2626 380 2664 simoniden
398 2628 628 2679 Olympiade
649 2639 697 2680 55
716 2629 791 2668 hoc
811 2630 862 2668 est
881 2641 957 2681 ςς7
976 2632 1083 2669 annis
1101 2639 1187 2668 ante
1205 2640 1340 2669 natum
1357 2627 1554 2667 Christum
1570 2628 1697 2666 lucem
1716 2625 1912 2678 accepisse,
1940 2625 2094 2665 tradunt
2112 2639 2276 2668 marmo-

167 2692 207 2717 ra
226 2678 467 2718 Oxonienfia.
522 2681 638 2733 Qiod
659 2693 746 2721 vero
765 2689 799 2719 H
818 2685 854 2721 ὅ(
872 2688 906 2719 Ω
921 2693 1000 2734 700
1018 2683 1126 2722 annis
1144 2693 1231 2721 ante
1250 2696 1360 2722 aeram
1380 2679 1618 2720 christianam
1634 2682 1676 2719 in
1694 2679 1763 2718 usu
1782 2680 1857 2718 iam
1876 2680 2036 2724 fuerint,
2060 2679 2198 2718 invifto
2218 2680 2275 2719 in-

49 2734 60 2737 *
85 2731 421 2783 *ea->scriptionum
439 2745 668 2782 argumento
685 2734 880 2785 probatur.
908 2749 943 2774 v.
965 2738 1086 2776 Dom.
1112 2734 1304 2772 Foi‘trrnout
1322 2737 1364 2773 in
1379 2735 1554 2771 memoires
1581 2732 1621 2770 de
1637 2731 1829 2770 l’academie
1852 2730 1908 2768 des
1932 2729 2150 2782 instriptions
2171 2729 2216 2772 Εἴ
2232 2732 2274 2771 de

169 2781 263 2823 belles
280 2782 395 2821 lettres
407 2812 415 2824 .
443 2786 559 2823 Tom.
582 2787 669 2826 XV.
724 2789 856 2838 Usque
874 2787 966 2827 adeo
986 2787 1149 2827 sublestee
1166 2785 1256 2825 fidei
1274 2786 1378 2834 sunt,
1408 2798 1492 2836 quae
1510 2785 1556 2823 de
1575 2786 1723 2836 origine
1741 2785 1950 2823 litterarum
1968 2795 2274 2825 commemorant

172 2837 413 2888 grammatici
430 2838 664 2878 Graecorum.
720 2840 834 2878 Conf.
855 2853 1012 2879 nouveau
1030 2842 1139 2878 traite'
1154 2838 1194 2878 de
1213 2839 1478 2892 diplomazique,
1502 2840 1621 2877 Tom.
1638 2839 1666 2875 Ι.
1694 2851 1732 2889 p.
1753 2835 1844 2878 681.
2044 2886 2049 2888 q
2227 2870 2229 2872 .

120 2885 183 2939 **)
211 2888 506 2940 Harpocrationis
520 2890 632 2930 verba
647 2898 783 2932 notatu
793 2891 919 2946 ,digna
935 2892 1042 2942 fiant,
1071 2891 1141 2933 ubi
1156 2893 1227 2935 ait:
1256 2888 1316 2932 τὼ
1335 2890 1398 2930 τὼ
1429 2888 1473 2930 κδ
1501 2885 1660 2939 νοιχείω
1687 2883 1944 2940 γεωμμοιτικῆν
1972 2887 2042 2935 σ’ψέ
2065 2902 2152 2926 ποτε
2173 2885 2279 2940 maga?

176 2941 249 2982 τοῖς
267 2948 361 2979 Ino-n
385 2941 580 2992 ἒνςηθῆνοιι.
