2473 3380
32 188 35 189 γ
856 142 858 145 -
905 112 950 160 L
989 111 1044 164 U
1074 111 1115 165 C
1141 114 1226 165 AE.
1296 112 1399 166 IV
1469 113 1536 167 V
2204 135 2270 184 49

68 241 143 291 27.
199 223 451 273 thrutsfillai
497 221 640 271 wesun
687 219 749 272 uf
781 221 1034 289 haileg'fizim
1068 225 1130 287 Ιι)
1210 238 1288 285 27.
1325 220 1504 288 Leprofi
1539 241 1659 274 erant
1687 223 1766 273 sub
1793 225 1946 275 Elisato
1971 229 2207 293 propheta.

129 289 378 355 praufetau.
1677 354 1679 357 ι

65 375 146 419 29.
180 357 376 405 uskusun
405 360 540 404 imma
560 369 612 406 ut
629 375 682 408 us
703 360 739 419 i)
774 358 928 420 baurg.
1208 372 1288 414 29,
1322 360 1554 406 Eiecerunt
1582 377 1684 406 eum
1716 377 1766 405 ex
1794 359 1914 407 urbe.

64 441 140 489 31.
176 426 375 489 laisjands
401 429 470 473 ins
490 425 534 485 k)
567 427 610 471 in
632 425 856 473 {abbatinn
1208 439 1233 485 3
1250 440 1285 476 1.
1322 428 1495 473 Doccns
1528 444 1601 472 eos
1626 427 1671 472 in
1690 425 1902 474 sabbatis.

59 495 142 552 40.
178 493 440 538 miththanei
459 492 563 539 than
578 489 727 558 fizgqu
751 493 797 552 l)
824 489 981 539 summ.
1206 505 1290 549 40.
1328 496 1482 555 Qum
1512 510 1659 539 autem
1690 493 1906 540 occiderat
1930 491 2007 539 sol.

62 559 125 608 ib.
157 559 220 604 ith
249 561 285 604 is
314 557 706 624 ainqlzatjammelz
734 560 797 618 m)
831 560 897 603 ize
928 555 1128 604 handuns
1206 558 1266 609 ib,
1291 560 1458 603 Verum
1494 561 1528 604 is
1558 560 1798 619 'unicuique
1829 577 1986 606 eorum
2013 573 2167 607 manus
2189 560 2270 606 ima

131 626 392 688 anlagjands.
985 651 987 653 ·
1274 640 1457 684 ponens.

61 704 141 750 42.
178 693 217 737 ei
236 695 281 737 ni
310 689 459 758 astitlzi
477 693 526 752 n)
555 690 685 738 fairra
711 693 788 739 im.
1205 703 1285 749 42,
1324 693 1396 734 Ne
1426 687 1661 738 discederet
1689 690 1742 738 ab
1768 694 1847 741 eis,

60 772 150 829 43..
177 758 465 821 wailamerjan
493 758 541 804 ik
560 760 601 824 J
609 758 684 808 kat
708 757 754 807 hi
793 751 1128 820 thiadungara'·
1203 770 1284 818 43.
1319 757 1625 816 Evangelizare
1654 775 1726 804 me
1746 773 1921 819 oportet
1941 759 1992 806 de
2010 775 2147 822 regno
2169 759 2272 809 Dei.

119 839 180 888 ja
209 824 258 889 o)
290 826 438 887 gothS.

503 895 610 952 Cap.
642 891 700 938 V.
1636 891 1746 949 Cap.
1783 892 1840 935 V.

59 970 109 1018 4.
147 955 287 1025 brigg
313 960 369 1036 p)
387 975 483 1034 *ana
507 956 721 1018 diupitha.
753 953 826 1018 jah
853 948 1055 1002 athahid
1079 949 1130 1018 q)
1208 968 1256 1013 4.
1291 955 1392 1000 Duc
1419 955 1464 1000 in
1485 953 1643 1015 altum,
1680 956 1722 1001 ἃ
1752 955 1966 1004 demittite
1990 960 2098 1005 retia
2125 957 2272 1008 vestra.

128 1023 207 1069 tho
242 1043 353 1090 natja
384 1040 552 1074 izwara.

67 1104 111 1148 ς.
150 1091 279 1137 waiht
307 1093 352 1136 ni
382 1099 574 1139 nemum:
607 1089 656 1149 r)
1212 1103 1255 1148 ς.
1291 1087 1424 1133 Nihil
1456 1089 1671 1149 cepimus.
1846 1136 1849 1141 ,

63 1169 111 1217 7.
143 1155 215 1217 jah
245 1155 572 1205 bandwidedun
598 1154 644 1220 s)
682 1170 912 1215 gamanam
940 1149 1058 1202 thoei
1087 1153 1128 1213 t)
1206 1169 1252 1215 7.
1289 1157 1344 1200 Et
1373 1156 1611 1202 innuerunt
1635 1153 1788 1214 socii8‚
1826 1157 1904 1218 qui
1930 1172 2050 1206 erant
2077 1159 2124 1205 in
2145 1158 2276 1206 altera

70 1261 73 1269 ,.
126 1218 269 1268 wesun
305 1226 349 1270 in
381 1224 682 1286 antharainma
710 1218 858 1281 skipa.
1274 1222 1481 1270 navicula.
2201 1242 2276 1277 10.

70 1296 2271 1321 -—-——————-————-—-———-——————.-—.-—-.

113 1329 154 1380 h)
179 1332 218 1382 J.
237 1331 271 1368 ὅ(
290 1331 346 1369 St.
367 1327 571 1380 haileifhnd,
601 1325 707 1379 qubd
725 1325 905 1378 Hickefius
922 1340 1149 1381 corruptum
1167 1328 1290 1369 censet
1307 1344 1376 1382 pro
1403 1328 1571 1382 haileifitia
1586 1361 1595 1379 ‚
1627 1347 1663 1372 v.
1688 1335 1728 1372 in
1743 1334 1936 1374 Thesauro
1964 1350 2165 1388 grammat.
2195 1345 2276 1382 An-

165 1380 260 1474 gdoti}
280 1381 395 1472 &livii
415 1381 532 1424 Goth,
559 1395 595 1433 p.
619 1388 680 1423 81.
750 1381 939 1420 Praevalet
966 1383 1141 1429 interim,
1185 1396 1302 1435 quam
1330 1398 1376 1422 ex
1399 1384 1529 1423 codice
1554 1383 1808 1435 restituimus,
1856 1390 1977 1428 verior
2002 1391 2131 1442 lestio,
2170 1395 2206 1433 ὅ(
2233 1398 2274 1434 Β.

164 1449 186 1474 a
217 1443 225 1473 1
247 1450 255 1473 1
286 1448 312 1472 u
328 1445 420 1473 atur.

111 1488 146 1542 ἰ)
171 1449 379 1528 Editiman
396 1485 508 1538 baurg
518 1499 533 1531 ,·
556 1498 626 1524 nos
643 1494 774 1523 autem
791 1485 926 1525 refflus
944 1486 1109 1538 legimus
1127 1499 1167 1526 ut
1182 1500 1223 1527 us
1239 1486 1370 1542 baurg,
1396 1488 1529 1529 Sueth.
1549 1502 1590 1528 ut
1607 1503 1654 1528 ur
1663 1489 1809 1541 staden,
1840 1505 1880 1531 ut
1897 1494 1956 1533 vel
1981 1509 2063 1545 uta,
2103 1499 2165 1546 ἔξω
2177 1529 2186 1545 ,
2221 1499 2274 1540 fo-

150 1555 221 1593 ras
240 1539 464 1583 adverbium
483 1541 623 1590 linguae
644 1536 816 1577 Gothieae
845 1552 936 1578 cum
962 1538 1317 1592 septentrionalibus
1342 1544 1518 1582 Dialeffis
1546 1556 1777 1589 commune,
1822 1560 1859 1587 ν.
1890 1545 2050 1590 Glossar.
2071 1551 2275 1600 Janianum

163 1609 205 1647 P·
227 1606 314 1646 379.
371 1592 528 1635 Duplici
551 1591 669 1631 modo
687 1591 937 1640 consti-uitur,
964 1594 1023 1632 vel
1044 1593 1260 1646 separatim,
1301 1609 1334 1634 v.
1355 1609 1409 1647 gr
1439 1596 1657 1650 usgaggands
1683 1609 1744 1644 ut,
1780 1599 1945 1651 egressus
1970 1601 2089 1651 foras,
2136 1602 2272 1646 Matth.

167 1648 230 1695 26,
252 1659 314 1695 75.
333 1644 465 1698 ufidaja
485 1657 523 1683 sat
540 1659 580 1683 us
597 1645 707 1683 tlzizai
725 1644 869 1699 baoerg,
886 1645 1050 1698 egressus
1070 1647 1122 1687 est
1146 1660 1249 1688 extra
1278 1649 1435 1697 urbem,
1475 1651 1596 1692 Marc.
1623 1663 1680 1697 11,
1704 1662 1766 1702 ¹9·
1804 1652 1869 1691 cfr.
1905 1667 1987 1706 cap.
2012 1668 2043 1703 1,
2065 1668 2127 1704 45.
2159 1670 2219 1707 11,
2238 1673 2273 1708 4,

166 1701 256 1755 J‘oh.
281 1712 337 1746 11,
359 1711 419 1748 43.
440 1699 500 1738 vel
522 1698 738 1746 coniuncte,
769 1713 806 1740 v.
827 1713 886 1751 gr,
906 1699 1161 1752 utus-iddjedun.
1199 1700 1335 1742 Matth
1364 1715 1400 1754 9,
1422 1716 1481 1749 32,
1518 1703 1585 1743 cfr.
1622 1705 1702 1742 Luc
1731 1715 1767 1751 7,
1794 1717 1851 1746 12.
1878 1706 1966 1760 Joh.
1991 1719 2027 1760 9,
2051 1723 2115 1755 22,

100 1750 155 1807 Ἃ)
186 1757 333 1794 Vocem
351 1753 496 1792 omittit
513 1751 673 1801 Jmcius;
709 1752 877 1791 admittit
898 1766 985 1792 vero
1005 1754 1127 1793 codex
1148 1759 1310 1807 Argent.
1330 1757 1365 1794 ὅ(
1392 1755 1440 1795 fic
1462 1757 1579 1809 probe
1607 1758 1660 1796 St.
1681 1759 1714 1796 ὅ(
1738 1759 1783 1797 Β.

113 1809 154 1858 1)
180 1811 232 1848 St.
256 1809 289 1846 ὅ(
315 1808 338 1859 J
373 1803 620 1858 leguntsttgu‚
648 1805 753 1858 quod
772 1806 881 1846 obelo
901 1808 1024 1846 notari
1045 1807 1181 1853 debet,
1208 1823 1246 1850 v.
1278 1807 1416 1850 Matth.
1447 1818 1479 1856 8,
1505 1822 1566 1850 11.
1592 1821 1675 1851 not.
1696 1824 1727 1849 ο.
1766 1856 1768 1859 ¹

112 1863 164 1913 m)
187 1860 249 1901 Est
267 1861 368 1899 casus
389 1861 520 1898 tertius
537 1872 557 1897 a
573 1860 700 1910 primo
722 1860 934 1912 aznqlzavfjis,
963 1874 1064 1900 unus
1082 1863 1264 1914 quisque,
1292 1863 1423 1902 Sueth.
1443 1877 1483 1900 en
1500 1863 1628 1910 hwar,
1665 1863 1730 1903 cfr.
1759 1864 1852 1904 Luc.
1874 1877 1933 1918 19,
1956 1865 2022 1909 260
2077 1871 2275 1923 Pei-peram

164 1917 284 1967 igitur
299 1916 335 1967 J.
357 1915 387 1952 ὅ(
410 1914 462 1952 St.
488 1912 750 1963 az‘nqlzmjanelz.
795 1915 824 1951 B
857 1914 1069 1953 emendate.

113 1967 155 2020 n)
182 1970 220 2021 J.
245 1970 277 2007 ὅ(
297 1969 349 2006 St.
362 1965 518 2027 galauk,
552 1965 650 2004 bene
680 1967 840 2005 omnino
866 1969 1015 2018 quotie-s
1038 1966 1232 2019 respicitur
1258 1967 1397 2007 modus
1426 1967 1673 2016 indicativum
1718 1972 1825 2023 atqui
1851 1973 1900 2019 ei,
1935 1974 2117 2024 particula
2143 1989 2277 2029 praece-
2349 2000 2359 2010 ·

167 2022 281 2068 dens,
308 2020 467 2072 requ1rit
485 2019 774 2058 coniunctivum
791 2019 933 2071 galithi,
959 2022 1019 2061 vel
1045 2020 1151 2074 quod
1168 2020 1193 2060 h
1221 2021 1244 2060 l.
1265 2021 1407 2062 codicis
1426 2021 1584 2075 prostat,
1613 2022 1744 2075 aflitlzi‚
1772 2024 1818 2064 ab
1838 2025 1898 2077 tf,
1927 2022 2022 2074 οἰκ-δ,
2058 2028 2126 2077 ab,
2163 2031 2199 2069 &
2218 2029 2274 2070 lei.

163 2073 271 2120 than,
297 2072 403 2124 quod
419 2072 506 2111 vide
533 2072 671 2111 Matth.
691 2084 726 2120 7,
752 2085 810 2120 13.
836 2084 915 2112 not.
926 2072 970 2123 f.

115 2127 150 2177 o)
177 2129 209 2179 J.
230 2128 264 2164 &
286 2127 337 2164 St.
356 2126 491 2175 legunt
509 2124 549 2161 ik
559 2124 701 2174 skulda
719 2124 1012 2177 thiudungardja,
1041 2127 1077 2165 3<
1095 2123 1146 2164 fic
1164 2125 1322 2177 quidem
1340 2141 1409 2178 pro
1431 2140 1465 2168 1.
1492 2127 1641 2180 person.
1668 2128 1808 2176 futuri,
1853 2143 1937 2182 quae
1964 2130 2078 2173 huius
2110 2133 2163 2174 est
2187 2136 2274 2183 loci,

167 2177 348 2218 exhibent
366 2178 530 2229 primam
549 2175 745 2228 personam
764 2179 948 2227 prseteriti.
1005 2178 1071 2218 cfr,
1090 2177 1180 2230 Joh.
1196 2180 1231 2227 9,
1252 2192 1278 2226 4
1312 2182 1346 2217 ὅ(
1367 2179 1477 2232 Εᾴιυ.
1489 2182 1562 2228 Lye
1580 2183 1620 2219 in
1635 2179 1839 2220 Grammat
1863 2181 2027 2223 Gothica
2045 2200 2082 2237 p.
2106 2190 2150 2229 L,
2175 2191 2271 2239 quin

167 2233 303 2279 etiam,
331 2231 557 2269 reclamante
576 2230 706 2268 codice
756 2230 966 2282 excludunt
984 2230 1284 2282 praepositionem
1302 2230 1353 2278 bi,
1382 2234 1460 2281 πεξὶ
1473 2261 1482 2279 ,
1509 2233 1576 2279 de,
1600 2235 1646 2279 B.
1662 2243 1873 2285 utrumque
1891 2237 2083 2278 emendat.

107 2286 159 2338 p)
185 2287 239 2324 St.
259 2284 372 2323 habet
388 2282 509 2337 bring,
536 2295 607 2321 nec
629 2296 708 2321 non
727 2282 822 2321 infra
843 2297 879 2323 ν.
906 2295 963 2328 ¹4-
979 2296 1077 2336 gang
1092 2297 1160 2335 pro
1179 2281 1279 2337 brigg
1300 2286 1334 2323 ὃ(
1352 2298 1467 2338 gagg,
1509 2296 1554 2323 ut
1573 2287 1683 2337 'apud
1700 2288 1736 2338 J.
1764 2288 1799 2325 ὃ(
1825 2289 1867 2325 Β.

115 2339 158 2390 q)
185 2339 246 2377 Sic
270 2337 405 2377 Codex
422 2338 456 2375 &
474 2338 515 2375 ΒΔ
536 2336 652 2382 Υεξὶε,
682 2334 734 2374 est
749 2337 855 2374 enim
872 2335 918 2374 ab
935 2335 1080 2376 Infinit.
1103 2335 1275 2383 athalum,
1302 2339 1343 2376 in
1360 2333 1481 2376 ait‘nm
1499 2341 1668 2382 mittere,
1696 2338 1936 2391 suspendere,
1965 2342 2143 2384 extollere
2152 2359 2164 2392 3
2205 2346 2272 2386 cst.

166 2390 337 2481 hallzaz'lczicti,
390 2392 473 2431 Luc
506 2400 566 2442 19,
594 2397 658 2438 48.
686 2386 799 2428 affine
828 2387 899 2437 est,
945 2391 988 2429 ni
1017 2389 1145 2438 fallor,
1180 2388 1335 2443 (tulgjan,
1383 2391 1430 2430 de
1458 2404 1539 2443 quo
1565 2391 1674 2444 supra
1699 2405 1779 2445 cap.
1804 2406 1836 2442 1,
1860 2405 1918 2441 32».
1937 2405 2017 2435 not.
2028 2410 2071 2449 p.
2098 2398 2148 2452 J.
2167 2400 2201 2438 ὃ(
2219 2402 2274 2442 St.

168 2456 261 2482 attat
287 2458 298 2481 1
325 2471 337 2485 ,
1519 2484 1523 2489 ἃ

115 2498 158 2547 r)
184 2498 225 2536 St
255 2499 393 2534 n'emuu.
447 2497 649 2548 Repugnat
667 2493 798 2534 formae
820 2507 854 2536 1.
873 2493 964 2548 pers.
984 2496 1155 2548 pluralis,
1185 2507 1319 2550 utpote
1338 2510 1422 2550 quae
1439 2495 1585 2551 semper
1609 2500 1834 2540 terminatur
1859 2500 1900 2540 in
1924 2514 1978 2549 m,
2021 2503 2057 2542 &
2077 2501 2128 2543 fic
2153 2490 2274 2546 codex

171 2553 330 2600 Argent.
354 2550 390 2600 J.
409 2549 443 2587 &
461 2550 501 2588 B.
567 2562 602 2588 v.
635 2547 773 2588 Matth.
796 2560 857 2594 27,
879 2560 916 2600 9.
943 2560 1022 2588 not.
1049 2562 1084 2596 y.
1256 2582 1257 2585 ,

120 2605 154 2652 ς)
179 2603 242 2643 Ab
260 2600 437 2641 infinitiv.
461 2599 668 2652 bandwjan,
699 2600 802 2639 unde
819 2599 1010 2649 bandwon,
1039 2601 1159 2644 Mare.
1185 2614 1246 2651 14,
1265 2615 1318 2651 44
1359 2604 1494 2644 Island.
1516 2603 1644 2652 benda3
1680 2607 1858 2655 innuere,
1885 2608 1922 2646 ἃ
1948 2606 2113 2662 bending,
2140 2622 2271 2659 nutus,

169 2655 270 2709 apud
292 2655 329 2693 V
327 2652 408 2694 erel.
426 2653 467 2692 in
491 2654 629 2694 Indice.
684 2655 774 2692 Huc
791 2655 952 2706 pertinet
967 2653 1076 2703 band,
1107 2656 1212 2708 quod
1230 2657 1456 2709 perantiquo
1476 2657 1547 2696 usu
1565 2658 1855 2713 notavitfi'gnum
1879 2663 2047 2710 eminens,
2072 2663 2273 2715 praesertim

172 2707 356 2756 vexillum,
380 2706 484 2746 unde
501 2707 683 2746 vocabula
701 2707 985 2758 Longobardis,
1010 2722 1052 2748 ac
1072 2709 1249 2762 deinceps
1271 2711 1405 2758 Gallis,
1433 2712 1533 2751 Italis
1555 2714 1589 2751 8(
1611 2710 1812 2752 Germanis
1832 2712 1983 2761 ufitata,
2012 2713 2161 2765 bander,
2190 2717 2273 2757 bazi-

169 2758 334 2856 geresmls‘l,
386 2774 454 2814 pro
481 2759 703 2804 vexillifero.
777 2773 812 2800 v.
839 2759 1002 2813 Loefiher.
1027 2763 1164 2807 literat.
1196 2763 1280 2804 celt.
1306 2777 1345 2816 p.
1375 2771 1437 2814 84.
1466 2766 1502 2804 ὃ(
1526 2765 1658 2808 illustr.
1687 2764 1835 2808 Leibnit.
1872 2767 2015 2808 colleft.
2043 2770 2272 2824 Etymolog.

200 2826 271 2857 art.
328 2843 340 2857 .
390 2848 394 2852 ,
447 2827 466 2853 2
981 2851 986 2852 ⁷
2100 2831 2104 2835 -

120 2869 157 2920 t)
185 2870 248 2909 Sic
265 2825 532 2915 cei-tepcgdex,
569 2865 696 2919 quod,
731 2864 834 2906 salvis
853 2868 1018 2919 regulis,
1046 2867 1137 2908 stare
1154 2866 1311 2921 nequ'it3
1361 2869 1414 2910 est
1439 2871 1543 2910 enim
1560 2871 1670 2919 zlmei,
1727 2871 1833 2912 idem
1861 2886 1904 2913 ac
1930 2873 2038 2913 tlzatei
2064 2877 2123 2916 vel
2146 2877 2272 2926 thoni,

174 2922 298 2974 quod,
344 2933 454 2974 quae,
499 2933 569 2961 ceu
597 2921 737 2961 docent
780 2922 1042 2973 grammatici:
1084 2936 1211 3014 neq&
1238 2935 1330 2963 cum
1361 2924 1471 2966 editis
1496 2924 1709 2976 legendum
1740 2925 1853 2977 thasi,
1907 2941 1943 2967 v.
1966 2925 2109 2971 Matth.
2144 2942 2204 2978 11,
2233 2940 2273 2974 8.

2076 2984 2078 2987 ’
2145 2985 2271 3025 Marc0
