2473 3380
822 168 966 220 MA
1005 169 1386 223 TTHAEL
1454 173 1630 227 VIII,
2267 193 2322 241 13

128 295 176 333 2.
209 277 300 330 mik
319 276 378 340 k)
411 278 677 343 gahrainjan.
706 278 764 346 J.
791 281 836 330 &
865 283 934 334 St.
967 285 1055 331 mir
1085 283 1188 346 gah·
1265 298 1313 337 2.
1348 287 1428 333 Me
1462 285 1691 336 mundare.

193 366 286 396 ram
305 365 371 398 an,

126 427 169 475 3.
206 366 304 481 quii
331 413 490 463 hands.
514 411 557 478 l)
589 413 660 464 Sc.
691 416 908 476 quitands.
1093 399 1096 403 ,
1136 465 1139 468 ,
1269 433 1311 480 3.
1341 420 1514 472 Dicens.

124 497 178 543 4.
215 480 335 542 saiqh
357 483 396 527 ei
417 498 550 531 mann
571 485 635 542 m)
653 483 698 528 ni
719 483 922 542 quithais.
1263 501 1309 547 4.
1345 489 1476 544 Ecce,
1512 501 1562 533 ut
1590 486 1753 533 nemini
1787 486 1920 537 dicas·

126 562 147 596 1
163 563 201 595 1.
235 545 442 596 athtlzan.
461 548 514 609 n)
541 547 596 614 J.
616 549 659 595 ὅ(
685 550 756 598 St.
786 550 978 596 aththau.
1260 566 1280 598 1
1296 568 1333 599 1.
1368 555 1553 602 Verum.

118 614 178 662 ib.
207 616 404 676 managai
423 612 547 662 -fram
584 613 765 662 urrunsa
791 616 864 679 jah
884 624 1104 682 jaggqua
1132 614 1177 676 ο)
1255 618 1318 666 ib.
1354 618 1496 666 Multi
1515 619 1568 666 ab
1589 621 1756 667 oriente
1774 620 1816 667 ὅ(
1835 621 2059 669 occidente
2086 622 2271 673 venient.

216 681 412 730 uimand.
925 724 928 726 ,

122 699 448 808 175Saulztins
478 778 494 786 ·
528 776 543 784 -
578 751 627 797 Β.
642 748 851 805 sautius,
890 748 1018 796 male.
1269 761 1351 810 17,
1386 750 1595 798 Morbos.

118 829 199 863 20.
236 815 283 859 ni
327 814 506 862 habaith
550 815 661 875 qhar
700 813 887 862 haubith
920 812 1009 861 sein
1042 812 1182 864 anah·
1260 830 1341 867 20.
1372 819 1483 863 Non
1512 815 1664 876 habet,
1698 818 1777 866 ubi
1812 835 1941 881 caput
1964 819 2093 869 suum
2124 819 2318 871 reclinet.

181 879 388 942 naiwjai.
417 882 479 945 p)
1100 907 1105 915 ¹

113 952 192 994 26.
226 945 330 1011 qha.
352 945 410 1012 q)
428 945 546 1015 Jun.
567 946 656 1005 th.
1252 955 1331 1002 26.
1365 951 1471 1002 Cur.

518 1016 623 1073 Cap,
689 1013 771 1059 IX:
1044 1031 1046 1033 '
1272 1028 1276 1031 ⁴
1677 1019 1785 1081 Cap.
1816 1021 1895 1065 IX:

106 1093 157 1141 4.
197 1081 241 1125 in
260 1077 480 1128 hairtam.
501 1078 555 1141 r)
570 1079 642 1128 St.
664 1079 708 1124 in
727 1078 913 1126 bartam.
1254 1096 1304 1144 4.
1342 1085 1391 1129 In
1427 1082 1652 1138 cordibus,

109 1155 158 1201 8.
191 1143 434 1222 waltfufni.
455 1145 506 1209 s)
534 1143 592 1211 J.
625 1145 667 1192 ὃ(
686 1145 757 1197 St.
777 1141 998 1195 walaufni.
1244 1156 1289 1205 8.
1325 1148 1601 1200 Potestatem.

1272 1218 1306 1262 B
1344 1231 1370 1279 3
2238 1231 2318 1273 14.

210 1321 327 1360 xione
344 1319 499 1361 discreta
515 1321 697 1361 videatur.
761 1321 988 1356 Permutatis
1012 1328 1141 1357 autem
1161 1332 1201 1365 a,
1236 1333 1254 1357 e
1271 1321 1331 1359 vel
1356 1335 1374 1359 0
1401 1323 1436 1360 ὅ(
1456 1336 1501 1369 u,
1538 1325 1587 1363 ob
1611 1325 1838 1366 affinitatem
1864 1328 2096 1374 naturalem,
2129 1325 2316 1365 formatur

209 1373 389 1421 facillime
406 1386 427 1410 a
444 1375 563 1409 lumon
584 1373 642 1411 vel
660 1371 798 1415 hiuma,
826 1369 956 1406 human
976 1370 1033 1408 vel
1049 1370 1168 1415 homo,
1205 1381 1319 1422 atque
1343 1386 1365 1410 a
1391 1374 1540 1424 iumjons
1566 1378 1624 1415 vel
1651 1378 1855 1422 hiuhmans,
1888 1378 2049 1418 humones
2074 1380 2134 1418 vel
2149 1378 2311 1416 hominen

213 1425 432 1474 Originatio
449 1424 648 1473 utriusque
670 1421 844 1460 vocabuli
862 1421 1061 1471 quaerenda
1078 1421 1129 1460 est
1149 1423 1190 1461 in
1218 1437 1310 1463 voce
1338 1426 1482 1463 Celtica
1506 1440 1632 1473 maun,
1667 1439 1800 1479 utpote
1833 1442 1916 1479 quae
1942 1443 2020 1468 non
2042 1430 2161 1468 modo
2189 1431 2310 1480 genti·

208 1477 302 1523 bus,
332 1485 483 1514 tantum
506 1488 586 1514 non
603 1473 781 1526 fingulis,
809 1473 980 1511 hominem
998 1473 1201 1526 fignificat,
1228 1474 1291 1515 sed
1318 1477 1360 1515 in
1378 1478 1567 1530 plerisque
1595 1480 1759 1520 dialeffis
1786 1480 1926 1520 dicitur
1959 1481 2005 1521 de
2034 1494 2181 1533 utroque
2199 1481 2309 1532 sexu.

206 1529 269 1568 Sic
285 1529 496 1567 Armorieis
513 1540 615 1575 man,
653 1540 752 1565 mon:
787 1526 942 1568 Cambr.
961 1540 1063 1575 myn,
1096 1541 1196 1566 mon:
1237 1530 1486 1581 Anglo-Sax.
1525 1545 1628 1579 man,
1659 1546 1787 1580 mann,
1822 1546 1921 1581 mon,
1956 1547 2082 1573 monn.-
2113 1536 2243 1574 Franc.
2271 1535 2307 1573 &

205 1582 337 1622 Alam.
355 1594 457 1632 man:
477 1580 598 1632 Angl.
619 1592 722 1618 man:
747 1580 883 1626 Danis,
913 1579 1038 1618 mand:
1061 1580 1196 1620 Island.
1220 1582 1338 1625 madr.
1361 1584 1395 1622 8(
1419 1585 1526 1624 Svec.
1544 1598 1628 1624 man
1644 1584 1696 1625 est
1709 1585 1828 1633 homo,
1868 1586 1928 1625 vel
1952 1587 2091 1627 lzumon.
2135 1586 2253 1640 Qtod
2280 1585 2309 1626 fi

206 1633 406 1687 praefixuin
432 1633 473 1674 lte
499 1632 711 1680 auferatur,
748 1633 922 1685 provenit
953 1632 1045 1672 inde
1071 1647 1154 1672 man
1177 1635 1236 1673 vel
1266 1649 1347 1673 mon
1381 1637 1422 1675 in
1457 1638 1558 1677 recto
1595 1639 1630 1677 ὃ(
1655 1638 1820 1691 obliquis
1844 1637 1998 1678 cafibus‘
2055 1639 2192 1679 Confr.
2217 1639 2309 1689 Joh.

205 1686 365 1728 Schilteri
390 1686 504 1726 Gloff.
526 1689 695 1726 Teuton.
719 1699 760 1738 p.
781 1686 870 1735 564.
894 1685 983 1734 565.
1039 1685 1186 1730 Wacbt.
1211 1689 1236 1729 l.
1259 1701 1292 1729 c.
1314 1701 1430 1740 1033.
1456 1703 1568 1741 1034.
1596 1693 1631 1732 ὃ(
1656 1691 1822 1743 Morlzqf
1838 1692 1886 1732 de
1911 1692 2046 1744 lingua
2072 1694 2311 1740 Germanica,

205 1743 306 1781 Part.
327 1741 352 1777 Ι.
386 1742 479 1792 Cap.
498 1741 568 1779 ult.
592 1753 634 1790 p.
657 1752 744 1778 122.
769 1738 844 1790 seq.

153 1793 195 1845 k)
221 1794 282 1833 Sic
298 1794 459 1833 omnino
477 1795 516 1833 B.
536 1795 705 1832 Pronom
735 1792 945 1831 Gothicum
963 1793 1204 1845 primitivum
1221 1795 1275 1835 ita
1302 1796 1486 1836 flettitur:
1513 1794 1568 1843 ik,
1596 1810 1677 1850 ego,
1705 1799 1836 1848 meina,
1876 1800 1961 1848 mei,
1989 1800 2076 1848 mis,
2099 1798 2201 1848 mihi,
2229 1796 2310 1847 mik,

206 1860 277 1892 me,
301 1859 381 1885 non
398 1849 488 1893 mir,
517 1845 623 1898 quod
639 1859 710 1885 nec
730 1847 914 1897 reperitur
941 1847 982 1884 in
1009 1846 1164 1886 Codice.

147 1897 187 1950 1)
209 1899 318 1939 Recte
338 1901 381 1940 Β.
402 1901 437 1938 ὅ(
455 1902 490 1952 J.
545 1902 656 1938 Error
676 1899 903 1952 typopraphi
927 1898 1146 1939 manifestus
1171 1901 1271 1953 apud
1290 1899 1342 1940 St.

149 1956 204 2003 m)
232 1954 285 1991 Ita
302 1965 394 1991 cum
412 1966 436 1990 n
457 1953 653 2003 geminato
672 1954 720 1993 G,
741 1954 816 1990 Ms.
873 1951 974 1991 Editi
992 1965 1093 1999 man,
1122 1954 1227 2005 quod
1257 1953 1415 2006 quidem
1440 1955 1606 1996 absolute
1630 1955 1797 2009 positum
1823 1959 1857 1998 8(
1888 1959 1929 1998 in
1954 1958 2050 2011 {ing-
2079 1971 2190 1998 num.
2217 1969 2310 1997 cum

203 2004 366 2058 fimplici
388 2018 412 2043 n
430 2004 620 2045 observare
638 2018 718 2044 non
737 2005 865 2043 licuit:
892 2006 933 2043 in
954 2004 1096 2044 Codice
1112 2004 1286 2046 scribitur
1308 2021 1456 2057 manna,
1485 2009 1603 2057 homo,
1631 2024 1749 2058 mans,
1778 2011 1947 2051 homines:
1974 2012 2175 2057 mannhun,
2197 2024 2307 2058 nemo,

201 2072 271 2112 pro
291 2072 369 2110 quo
388 2058 527 2110 legunt
546 2058 722 2104 manhuu,
747 2055 809 2096 sed
829 2057 955 2098 vitiose
967 2087 976 2105 ‚
1016 2059 1133 2098 Marc.
1156 2071 1192 2111 9,
1214 2072 1247 2109 9.
1302 2061 1404 2100 Hinc
1423 2070 1535 2114 porro
1555 2063 1676 2114 liquet
1694 2063 1910 2103 Gothorum
1927 2078 2052 2113 mmm,
2082 2077 2162 2104 non
2178 2066 2308 2110 virum,

202 2111 265 2152 sed
284 2113 325 2151 in
349 2125 488 2164 genere
505 2111 675 2150 hominem
692 2110 913 2163 significare.
970 2111 1107 2156 Confr.
1127 2125 1211 2164 quae
1228 2113 1355 2165 paullo
1374 2125 1459 2154 ante
1478 2115 1744 2156 adnotavimus
1771 2117 1818 2156 de
1834 2118 1999 2170 imnjons,
2065 2119 2109 2157 In
2127 2120 2169 2156 L.
2190 2117 2310 2156 Patria

201 2177 374 2216 quemnam
390 2174 497 2204 notat
501 2164 693 2214 feminam.
745 2165 798 2202 Ita
820 2165 862 2202 in
879 2165 1016 2203 Heims
1031 2167 1116 2205 -Kr.
1135 2168 1182 2204 T.
1203 2178 1226 2205 2
1261 2180 1283 2217 p
1320 2177 1403 2216 ¹9¹·
1431 2166 1520 2206 leona
1544 2182 1613 2206 var
1636 2183 1702 2207 eun
1726 2170 1829 2209 tridie
1854 2170 2020 2210 matlmr:
2055 2169 2178 2210 mulier
2200 2170 2308 2208 tertia

195 2214 348 2268 perfima
366 2226 457 2255 erat.
513 2216 616 2252 Gotl.
635 2216 679 2252 L.
698 2227 731 2254 c.
755 2227 816 2261 14.
866 2215 1020 2264 Queudis
1045 2217 1164 2253 matlzr
1180 2216 1242 2254 eda
1268 2217 1415 2256 ker-ldis:
1437 2222 1582 2270 semina
1600 2233 1662 2259 aut
1685 2235 1771 2264 mas.

151 2269 191 2318 n)
215 2270 256 2306 B.
273 2266 379 2306 idem
398 2265 544 2304 athtlzau
562 2265 753 2304 mendum
776 2275 876 2305 certo
897 2265 948 2304 est
972 2265 1157 2317 scriptoris
1174 2268 1384 2318 Ulphilani.
1441 2284 1444 2287 ·

148 2321 188 2372 ο)
211 2321 271 2360 Sic
287 2319 405 2372 probe
422 2320 467 2358 Β.
521 2320 677 2369 Legunt
693 2317 739 2366 J.
757 2319 793 2356 8(
816 2317 866 2358 St.
880 2318 1035 2369 Jaitqua‚
1064 2320 1123 2357 vel
1141 2318 1364 2360 obscuritate
1392 2321 1476 2368 loci,
1507 2322 1564 2361 vel
1585 2323 1800 2374 ignorantia
1826 2325 1904 2363 veri
1921 2324 2109 2373 thematis,
2137 2326 2180 2364 in
2206 2338 2304 2365 erro-

202 2386 287 2413 rem
306 2371 471 2411 inducti:
499 2369 692 2423 quidquid
710 2369 773 2416 fit,
801 2371 841 2409 in
863 2371 997 2410 eadem
1015 2384 1107 2410 voce
1129 2385 1149 2410 a
1168 2374 1336 2424 genuina
1354 2373 1507 2413 Codicis
1523 2375 1683 2414 leffione
1700 2376 1871 2416 aberrant
1888 2378 2143 2426 coniunctim,
2186 2379 2310 2419 Marc.

201 2437 239 2473 1,
264 2437 325 2475 32.
359 2427 441 2464 Luc
470 2436 507 2472 4,
528 2437 567 2472 4.
595 2423 703 2476 quod
725 2422 871 2462 ibidem
890 2423 1132 2471 notabimus,
1148 2424 1322 2476 szquuam
1348 2439 1503 2478 mergere
1523 2428 1583 2466 vel
1599 2432 1726 2481 mergi,
1747 2441 1850 2480 praet.
1867 2429 2000 2483 sagqu,
2030 2431 2216 2470 occiderat:
2236 2430 2308 2481 five

192 2477 385 2530 fiegquun,
414 2490 453 2514 ut
473 2487 734 2530 mergerentur,
761 2478 844 2515 Luc
875 2488 910 2524 ς’,
931 2488 964 2522 7.
1020 2478 1127 2515 Suec.
1149 2489 1188 2514 at
1210 2474 1336 2530 figna,
1351 2475 1458 2531 stgna
1487 2479 1610 2528 neder,
1629 2479 1770 2531 stuuka.
1818 2485 1939 2535 Angl.
1959 2481 2051 2534 st’nk.
2104 2486 2145 2522 B.
2157 2482 2299 2534 finken.

191 2529 374 2583 fizggqua,
402 2526 540 2580 mersto,
567 2526 711 2578 occasus.
769 2528 899 2569 Confr.
919 2529 1019 2569 Edit.
1046 2529 1155 2569 Benz.
1182 2543 1206 2580 p
1249 2537 1335 2577 185.
1377 2542 1457 2572 not.
1481 2545 1516 2575 a.
1552 2533 1587 2571 8(
1611 2533 1712 2583 Jun.
1736 2536 1778 2574 in
1811 2535 1964 2575 Glossar.
1987 2535 2055 2577 sub
2083 2548 2175 2576 voce
2189 2535 2308 2591 figan,

198 2597 223 2636 p
261 2593 346 2632 294.
365 2595 438 2621 nec
460 2591 540 2620 non
564 2580 721 2619 Sclzilteri
739 2581 850 2621 Gloss
870 2596 905 2633 p.
931 2589 1016 2628 380.

142 2635 192 2688 p)
220 2635 281 2674 Sic
301 2634 397 2672 bene
416 2634 630 2673 emendavit
647 2635 688 2672 R.
705 2633 816 2672 Benz.
841 2634 1045 2674 lectionem
1068 2632 1153 2682 Jun
1183 2634 1217 2671 ὅ(
1243 2632 1294 2673 St.
1323 2633 1471 2673 lzaubitlz
1485 2634 1634 2688 seinana
1658 2638 1845 2691 hnaiwjai:
1880 2638 2024 2679 ltaubitlz
2050 2641 2156 2680 enim
2180 2651 2303 2681 neutr.

202 2701 282 2728 non
302 2688 480 2726 convenit
496 2700 587 2726 cum
601 2684 719 2725 accus.
737 2685 850 2726 masc.
871 2700 957 2737 gen.
972 2685 1138 2737 fiinana,
1168 2686 1247 2727 vid.
1267 2687 1370 2726 Edit⁴
1391 2688 1502 2729 Renz.
1523 2703 1561 2742 p.
1588 2702 1646 2742 19.
1667 2688 1791 2731 notsc.

148 2742 187 2795 q)
218 2743 271 2780 Ita
290 2739 330 2778 B.
352 2741 386 2778 ὃ(
408 2738 459 2778 Sr.
515 2741 658 2779 Erravit
674 2738 820 2778 fortasse
840 2738 938 2788 Jun.
956 2738 1203 2778 fimilitudine
1220 2740 1415 2779 literarum
1433 2754 1455 2779 a
1471 2742 1507 2780 &
1524 2743 1555 2790 l,
1584 2745 1663 2792 vel,
1698 2744 1804 2797 quod
1829 2744 2098 2795 verosimilius,
2134 2747 2246 2800 culpa
2260 2748 2301 2786 in

202 2792 443 2846 typothetam
461 2790 512 2830 est
529 2791 738 2832 referenda.

111 2842 113 2845 ’
148 2849 187 2899 r)
214 2849 270 2886 Ita
291 2845 321 2883 Β
353 2846 388 2884 8(
409 2845 457 2895 J.
509 2843 644 2884 Vitiosi
661 2843 835 2883 vocabuli
857 2844 967 2897 culpa
982 2845 1024 2885 in
1040 2844 1282 2898 typographo
1301 2845 1434 2885 residet
1452 2849 1598 2898 omnis.

149 2902 185 2952 s)
211 2899 322 2940 Recte
343 2899 386 2938 Β.
441 2897 486 2946 J.
512 2898 548 2936 8(
572 2896 625 2935 St.
653 2896 789 2936 itidem
815 2897 934 2949 probe
958 2897 999 2942 in
1026 2898 1214 2938 Glossariis
1232 2912 1252 2937 a
1269 2898 1425 2939 waldam.
1469 2899 1660 2948 dominari,
1711 2900 1903 2953 waMzfiaei,
1946 2902 2152 2953 dominium,
2187 2907 2299 2948 Suec.

197 2950 308 2992 walde
323 2950 504 2990 derivant.
557 2947 734 2989 Nobiliff.
763 2948 1053 2998 Stiernhielmius,
1088 2961 1151 2998 ut,
1189 2953 1384 3004 perpaucis
1411 2955 1594 3006 exceptis,
1620 2955 1797 2996 lectiones
1831 2957 1960 3008 quales
1986 2957 2301 3013 demumcunque

199 3005 380 3059 Junianas
393 3004 549 3052 retinet,
577 3003 629 3043 ita
645 3015 717 3043 nec
738 3015 758 3041 a
776 3014 882 3042 more
899 3001 967 3043 suo
981 3002 1043 3043 hic
1062 3003 1230 3045 discessit.
