<?xml version="1.0" encoding="UTF-8"?>
<!DOCTYPE html PUBLIC "-//W3C//DTD XHTML 1.0 Transitional//EN"
    "http://www.w3.org/TR/xhtml1/DTD/xhtml1-transitional.dtd">
<html xmlns="http://www.w3.org/1999/xhtml" xml:lang="en" lang="en">
 <head>
  <title>
</title>
<meta http-equiv="Content-Type" content="text/html;charset=utf-8" />
  <meta name='ocr-system' content='tesseract 3.04.00' />
  <meta name='ocr-capabilities' content='ocr_page ocr_carea ocr_par ocr_line ocrx_word'/>
</head>
<body>
  <div class='ocr_page' id='page_1' title='image "./johannisabihresc00ihre_0213.png"; bbox 0 0 2473 3380; ppageno 0'>
   <div class='ocr_carea' id='block_1_1' title="bbox 277 91 2276 159">
    <p class='ocr_par' dir='ltr' id='par_1_1' title="bbox 277 91 2276 159">
     <span class='ocr_line' id='line_1_1' title="bbox 277 91 2276 159; baseline -0.003 -7"><span class='ocrx_word' id='word_1_1' title='bbox 277 98 384 152; x_wconf 87' lang='lat' dir='ltr'>DE</span> <span class='ocrx_word' id='word_1_2' title='bbox 419 95 675 152; x_wconf 85' lang='lat' dir='ltr'><strong><em>CODICE</em></strong></span> <span class='ocrx_word' id='word_1_3' title='bbox 706 92 1016 147; x_wconf 79' lang='lat' dir='ltr'><em>ARGENT.</em></span> <span class='ocrx_word' id='word_1_4' title='bbox 1054 95 1161 147; x_wconf 84' lang='lat' dir='ltr'>ET</span> <span class='ocrx_word' id='word_1_5' title='bbox 1185 92 1550 146; x_wconf 70' lang='lat' dir='ltr'><em>LITTERAT</em></span> <span class='ocrx_word' id='word_1_6' title='bbox 1583 91 2041 146; x_wconf 85' lang='lat' dir='ltr'>MOESOGOTH.</span> <span class='ocrx_word' id='word_1_7' title='bbox 2182 109 2276 159; x_wconf 75' lang='lat'>199</span> 
     </span>
    </p>
   </div>
   <div class='ocr_carea' id='block_1_2' title="bbox 1023 209 1302 272">
    <p class='ocr_par' dir='ltr' id='par_1_2' title="bbox 1023 209 1302 272">
     <span class='ocr_line' id='line_1_2' title="bbox 1023 209 1302 272; baseline -0.004 -17"><span class='ocrx_word' id='word_1_8' title='bbox 1023 209 1064 272; x_wconf 58' lang='grc' dir='ltr'>ς.</span> <span class='ocrx_word' id='word_1_9' title='bbox 1138 210 1302 261; x_wconf 78' lang='lat' dir='ltr'>xvm.</span> 
     </span>
    </p>
   </div>
   <div class='ocr_carea' id='block_1_3' title="bbox 51 292 2285 1488">
    <p class='ocr_par' dir='ltr' id='par_1_3' title="bbox 51 292 2285 1488">
     <span class='ocr_line' id='line_1_3' title="bbox 189 292 2285 360; baseline -0.001 -16"><span class='ocrx_word' id='word_1_10' title='bbox 189 297 328 360; x_wconf 77' lang='lat' dir='ltr'>Quod</span> <span class='ocrx_word' id='word_1_11' title='bbox 347 297 550 359; x_wconf 81' lang='lat' dir='ltr'>proxime</span> <span class='ocrx_word' id='word_1_12' title='bbox 569 296 698 355; x_wconf 80' lang='lat' dir='ltr'>nobis</span> <span class='ocrx_word' id='word_1_13' title='bbox 720 293 1061 359; x_wconf 83' lang='lat' dir='ltr'>proposuimus,</span> <span class='ocrx_word' id='word_1_14' title='bbox 1098 295 1156 343; x_wconf 90' lang='lat' dir='ltr'>est</span> <span class='ocrx_word' id='word_1_15' title='bbox 1169 328 1181 351; x_wconf 88' lang='lat'>,</span> <span class='ocrx_word' id='word_1_16' title='bbox 1217 310 1266 343; x_wconf 88' lang='lat' dir='ltr'>ut</span> <span class='ocrx_word' id='word_1_17' title='bbox 1287 297 1331 343; x_wconf 92' lang='lat' dir='ltr'>in</span> <span class='ocrx_word' id='word_1_18' title='bbox 1350 294 1505 344; x_wconf 92' lang='lat' dir='ltr'>sonum</span> <span class='ocrx_word' id='word_1_19' title='bbox 1525 295 1569 343; x_wconf 86' lang='lat'>&amp;</span> <span class='ocrx_word' id='word_1_20' title='bbox 1588 294 1781 341; x_wconf 90' lang='lat' dir='ltr'>valorem</span> <span class='ocrx_word' id='word_1_21' title='bbox 1804 292 2048 340; x_wconf 85' lang='lat' dir='ltr'>litterarum</span> <span class='ocrx_word' id='word_1_22' title='bbox 2068 293 2285 343; x_wconf 83' lang='lat' dir='ltr'>Gothica-</span> 
     </span>
     <span class='ocr_line' id='line_1_4' title="bbox 54 359 2285 424; baseline -0.002 -11"><span class='ocrx_word' id='word_1_23' title='bbox 54 381 156 413; x_wconf 84' lang='lat' dir='ltr'>rum</span> <span class='ocrx_word' id='word_1_24' title='bbox 181 367 473 424; x_wconf 83' lang='lat' dir='ltr'>inquiramus.</span> <span class='ocrx_word' id='word_1_25' title='bbox 542 362 736 410; x_wconf 83' lang='lat' dir='ltr'>Difficile</span> <span class='ocrx_word' id='word_1_26' title='bbox 759 364 938 423; x_wconf 88' lang='lat' dir='ltr'>quidem</span> <span class='ocrx_word' id='word_1_27' title='bbox 959 363 1045 410; x_wconf 93' lang='lat' dir='ltr'>hoc</span> <span class='ocrx_word' id='word_1_28' title='bbox 1066 380 1242 410; x_wconf 79' lang='lat' dir='ltr'>examen</span> <span class='ocrx_word' id='word_1_29' title='bbox 1262 361 1320 409; x_wconf 89' lang='lat' dir='ltr'>est</span> <span class='ocrx_word' id='word_1_30' title='bbox 1339 365 1382 409; x_wconf 92' lang='lat' dir='ltr'>in</span> <span class='ocrx_word' id='word_1_31' title='bbox 1414 363 1562 424; x_wconf 87' lang='lat' dir='ltr'>lingua</span> <span class='ocrx_word' id='word_1_32' title='bbox 1590 363 1679 408; x_wconf 85' lang='lat' dir='ltr'>iam</span> <span class='ocrx_word' id='word_1_33' title='bbox 1706 359 1884 422; x_wconf 83' lang='lat' dir='ltr'>pridem</span> <span class='ocrx_word' id='word_1_34' title='bbox 1909 372 2110 417; x_wconf 86' lang='lat' dir='ltr'>mortua,</span> <span class='ocrx_word' id='word_1_35' title='bbox 2143 361 2187 407; x_wconf 86' lang='lat'>&amp;</span> <span class='ocrx_word' id='word_1_36' title='bbox 2205 361 2285 409; x_wconf 85' lang='lat' dir='ltr'>ubi</span> 
     </span>
     <span class='ocr_line' id='line_1_5' title="bbox 52 423 2283 495; baseline -0.001 -17"><span class='ocrx_word' id='word_1_37' title='bbox 52 447 212 495; x_wconf 77' lang='lat' dir='ltr'>praeter</span> <span class='ocrx_word' id='word_1_38' title='bbox 230 432 389 491; x_wconf 65' lang='lat' dir='ltr'>,exigua</span> <span class='ocrx_word' id='word_1_39' title='bbox 408 428 652 491; x_wconf 83' lang='lat' dir='ltr'>fragmenta</span> <span class='ocrx_word' id='word_1_40' title='bbox 672 432 731 476; x_wconf 91' lang='lat' dir='ltr'>nil</span> <span class='ocrx_word' id='word_1_41' title='bbox 755 430 918 487; x_wconf 83' lang='lat' dir='ltr'>reliqui</span> <span class='ocrx_word' id='word_1_42' title='bbox 939 429 1162 476; x_wconf 87' lang='lat' dir='ltr'>habemus.</span> <span class='ocrx_word' id='word_1_43' title='bbox 1232 433 1396 476; x_wconf 85' lang='lat' dir='ltr'><strong>Interea</strong></span> <span class='ocrx_word' id='word_1_44' title='bbox 1415 432 1492 489; x_wconf 86' lang='lat' dir='ltr'>qui</span> <span class='ocrx_word' id='word_1_45' title='bbox 1514 430 1560 474; x_wconf 89' lang='lat' dir='ltr'>in</span> <span class='ocrx_word' id='word_1_46' title='bbox 1579 428 1674 474; x_wconf 87' lang='lat' dir='ltr'>hoc</span> <span class='ocrx_word' id='word_1_47' title='bbox 1687 442 1845 487; x_wconf 88' lang='lat' dir='ltr'>campo</span> <span class='ocrx_word' id='word_1_48' title='bbox 1865 423 2139 482; x_wconf 86' lang='lat' dir='ltr'>desudarunt,</span> <span class='ocrx_word' id='word_1_49' title='bbox 2169 435 2283 486; x_wconf 61' lang='lat' dir='ltr'>quos</span> 
     </span>
     <span class='ocr_line' id='line_1_6' title="bbox 54 488 2283 559; baseline -0.003 -15"><span class='ocrx_word' id='word_1_50' title='bbox 54 501 165 544; x_wconf 85' lang='lat' dir='ltr'>inter</span> <span class='ocrx_word' id='word_1_51' title='bbox 187 499 389 558; x_wconf 83' lang='lat' dir='ltr'>principe</span> <span class='ocrx_word' id='word_1_52' title='bbox 412 496 512 542; x_wconf 89' lang='lat' dir='ltr'>loco</span> <span class='ocrx_word' id='word_1_53' title='bbox 535 500 720 543; x_wconf 88' lang='lat' dir='ltr'>nomino</span> <span class='ocrx_word' id='word_1_54' title='bbox 743 494 1038 542; x_wconf 64' lang='lat' dir='ltr'>dostiffimum</span> <span class='ocrx_word' id='word_1_55' title='bbox 1056 494 1225 546; x_wconf 83' lang='lat' dir='ltr'>Franc.</span> <span class='ocrx_word' id='word_1_56' title='bbox 1248 499 1429 557; x_wconf 78' lang='lat' dir='ltr'>Junium</span> <span class='ocrx_word' id='word_1_57' title='bbox 1444 532 1454 551; x_wconf 79' lang='lat'>,</span> <span class='ocrx_word' id='word_1_58' title='bbox 1489 497 1532 541; x_wconf 95' lang='lat' dir='ltr'>in</span> <span class='ocrx_word' id='word_1_59' title='bbox 1551 492 1786 559; x_wconf 81' lang='lat' dir='ltr'>alphabeto</span> <span class='ocrx_word' id='word_1_60' title='bbox 1814 488 2021 548; x_wconf 71' lang='lat' dir='ltr'>Gothico,</span> <span class='ocrx_word' id='word_1_61' title='bbox 2049 507 2100 539; x_wconf 88' lang='lat' dir='ltr'>ut</span> <span class='ocrx_word' id='word_1_62' title='bbox 2117 492 2283 551; x_wconf 78' lang='lat' dir='ltr'>aliqua,-</span> 
     </span>
     <span class='ocr_line' id='line_1_7' title="bbox 54 557 2285 626; baseline -0.003 -16"><span class='ocrx_word' id='word_1_63' title='bbox 54 579 181 610; x_wconf 88' lang='lat' dir='ltr'>tenus</span> <span class='ocrx_word' id='word_1_64' title='bbox 202 563 457 624; x_wconf 87' lang='lat' dir='ltr'>prodirent,</span> <span class='ocrx_word' id='word_1_65' title='bbox 495 563 663 624; x_wconf 86' lang='lat' dir='ltr'>duplici</span> <span class='ocrx_word' id='word_1_66' title='bbox 684 560 895 626; x_wconf 87' lang='lat' dir='ltr'>cynosura</span> <span class='ocrx_word' id='word_1_67' title='bbox 924 557 1016 606; x_wconf 89' lang='lat' dir='ltr'>fere</span> <span class='ocrx_word' id='word_1_68' title='bbox 1044 559 1166 606; x_wconf 58' lang='lat' dir='ltr'>duffii</span> <span class='ocrx_word' id='word_1_69' title='bbox 1194 559 1306 608; x_wconf 84' lang='lat' dir='ltr'>sunt.</span> <span class='ocrx_word' id='word_1_70' title='bbox 1376 566 1545 608; x_wconf 88' lang='lat' dir='ltr'>Sonum</span> <span class='ocrx_word' id='word_1_71' title='bbox 1574 578 1732 622; x_wconf 83' lang='lat' dir='ltr'>nempe</span> <span class='ocrx_word' id='word_1_72' title='bbox 1758 560 2003 606; x_wconf 80' lang='lat' dir='ltr'>litterarum</span> <span class='ocrx_word' id='word_1_73' title='bbox 2023 557 2285 619; x_wconf 86' lang='lat' dir='ltr'>Ulphilana-</span> 
     </span>
     <span class='ocr_line' id='line_1_8' title="bbox 56 624 2285 690; baseline -0.003 -13"><span class='ocrx_word' id='word_1_74' title='bbox 56 647 159 678; x_wconf 89' lang='lat' dir='ltr'>rum</span> <span class='ocrx_word' id='word_1_75' title='bbox 178 628 476 675; x_wconf 82' lang='lat' dir='ltr'>existimarunt</span> <span class='ocrx_word' id='word_1_76' title='bbox 494 630 561 675; x_wconf 92' lang='lat' dir='ltr'>vel</span> <span class='ocrx_word' id='word_1_77' title='bbox 582 648 631 676; x_wconf 66' lang='lat' dir='ltr'>ex</span> <span class='ocrx_word' id='word_1_78' title='bbox 649 628 831 675; x_wconf 79' lang='lat' dir='ltr'>vocibus</span> <span class='ocrx_word' id='word_1_79' title='bbox 855 628 1097 686; x_wconf 80' lang='lat' dir='ltr'>peregrinis</span> <span class='ocrx_word' id='word_1_80' title='bbox 1118 627 1160 673; x_wconf 70' lang='grc' dir='ltr'>δι</span> <span class='ocrx_word' id='word_1_81' title='bbox 1178 626 1431 673; x_wconf 85' lang='lat' dir='ltr'>nominibus</span> <span class='ocrx_word' id='word_1_82' title='bbox 1452 629 1671 687; x_wconf 86' lang='lat' dir='ltr'>propriis,</span> <span class='ocrx_word' id='word_1_83' title='bbox 1705 643 1800 686; x_wconf 86' lang='lat' dir='ltr'>quae</span> <span class='ocrx_word' id='word_1_84' title='bbox 1822 628 1868 671; x_wconf 90' lang='lat' dir='ltr'>in</span> <span class='ocrx_word' id='word_1_85' title='bbox 1892 624 1987 673; x_wconf 78' lang='lat' dir='ltr'>cod.</span> <span class='ocrx_word' id='word_1_86' title='bbox 2005 639 2108 690; x_wconf 84' lang='lat' dir='ltr'>arg.</span> <span class='ocrx_word' id='word_1_87' title='bbox 2132 640 2285 671; x_wconf 86' lang='lat' dir='ltr'>occur-</span> 
     </span>
     <span class='ocr_line' id='line_1_9' title="bbox 56 691 2282 755; baseline -0.002 -13"><span class='ocrx_word' id='word_1_88' title='bbox 56 711 185 755; x_wconf 89' lang='lat' dir='ltr'>runt,</span> <span class='ocrx_word' id='word_1_89' title='bbox 220 712 261 743; x_wconf 77' lang='lat' dir='ltr'>e.</span> <span class='ocrx_word' id='word_1_90' title='bbox 284 713 318 745; x_wconf 91' lang='lat' dir='ltr'>c.</span> <span class='ocrx_word' id='word_1_91' title='bbox 342 696 449 742; x_wconf 89' lang='lat' dir='ltr'>dum</span> <span class='ocrx_word' id='word_1_92' title='bbox 478 694 717 744; x_wconf 80' lang='lat' dir='ltr'>Abraham</span> <span class='ocrx_word' id='word_1_93' title='bbox 740 693 947 753; x_wconf 86' lang='lat' dir='ltr'>scriptum</span> <span class='ocrx_word' id='word_1_94' title='bbox 972 694 1211 747; x_wconf 84' lang='lat' dir='ltr'>invenitur,</span> <span class='ocrx_word' id='word_1_95' title='bbox 1247 692 1446 752; x_wconf 83' lang='lat' dir='ltr'>illudque</span> <span class='ocrx_word' id='word_1_96' title='bbox 1468 710 1630 738; x_wconf 89' lang='lat' dir='ltr'>nomen</span> <span class='ocrx_word' id='word_1_97' title='bbox 1650 695 1695 738; x_wconf 91' lang='lat' dir='ltr'>in</span> <span class='ocrx_word' id='word_1_98' title='bbox 1722 691 1929 739; x_wconf 80' lang='lat' dir='ltr'>omnibus</span> <span class='ocrx_word' id='word_1_99' title='bbox 1957 691 2122 751; x_wconf 84' lang='lat' dir='ltr'>linguis</span> <span class='ocrx_word' id='word_1_100' title='bbox 2141 706 2282 750; x_wconf 84' lang='lat' dir='ltr'>aequa·</span> 
     </span>
     <span class='ocr_line' id='line_1_10' title="bbox 54 755 2283 820; baseline -0.002 -11"><span class='ocrx_word' id='word_1_101' title='bbox 54 763 155 810; x_wconf 85' lang='lat' dir='ltr'>liter</span> <span class='ocrx_word' id='word_1_102' title='bbox 174 760 547 814; x_wconf 71' lang='lat' dir='ltr'>auribusaccidit,</span> <span class='ocrx_word' id='word_1_103' title='bbox 584 759 683 806; x_wconf 79' lang='lat' dir='ltr'>sciri</span> <span class='ocrx_word' id='word_1_104' title='bbox 702 757 826 805; x_wconf 82' lang='lat' dir='ltr'>facile</span> <span class='ocrx_word' id='word_1_105' title='bbox 854 756 1013 819; x_wconf 90' lang='lat' dir='ltr'>potest,</span> <span class='ocrx_word' id='word_1_106' title='bbox 1049 761 1148 818; x_wconf 87' lang='lat' dir='ltr'>quis</span> <span class='ocrx_word' id='word_1_107' title='bbox 1166 759 1288 805; x_wconf 86' lang='lat' dir='ltr'>valor</span> <span class='ocrx_word' id='word_1_108' title='bbox 1311 758 1359 805; x_wconf 86' lang='lat' dir='ltr'>fit</span> <span class='ocrx_word' id='word_1_109' title='bbox 1379 758 1646 820; x_wconf 83' lang='lat' dir='ltr'>singularum</span> <span class='ocrx_word' id='word_1_110' title='bbox 1671 759 1734 808; x_wconf 88' lang='lat' dir='ltr'>ibi</span> <span class='ocrx_word' id='word_1_111' title='bbox 1766 756 2093 805; x_wconf 86' lang='lat' dir='ltr'>occurrentium</span> <span class='ocrx_word' id='word_1_112' title='bbox 2123 755 2283 804; x_wconf 86' lang='lat' dir='ltr'>littera·</span> 
     </span>
     <span class='ocr_line' id='line_1_11' title="bbox 56 821 2282 886; baseline -0.002 -10"><span class='ocrx_word' id='word_1_113' title='bbox 56 844 160 876; x_wconf 89' lang='lat' dir='ltr'>rum</span> <span class='ocrx_word' id='word_1_114' title='bbox 173 865 184 886; x_wconf 93' lang='lat'>,</span> <span class='ocrx_word' id='word_1_115' title='bbox 217 827 286 874; x_wconf 87' lang='lat' dir='ltr'>vel</span> <span class='ocrx_word' id='word_1_116' title='bbox 306 828 435 874; x_wconf 81' lang='lat' dir='ltr'>etiam</span> <span class='ocrx_word' id='word_1_117' title='bbox 455 845 504 873; x_wconf 84' lang='lat' dir='ltr'>ex</span> <span class='ocrx_word' id='word_1_118' title='bbox 522 827 706 874; x_wconf 84' lang='lat' dir='ltr'>vocibus</span> <span class='ocrx_word' id='word_1_119' title='bbox 726 826 930 872; x_wconf 82' lang='lat' dir='ltr'>Gothicis</span> <span class='ocrx_word' id='word_1_120' title='bbox 943 858 955 881; x_wconf 88' lang='lat'>,</span> <span class='ocrx_word' id='word_1_121' title='bbox 991 842 1098 885; x_wconf 87' lang='lat' dir='ltr'>quas</span> <span class='ocrx_word' id='word_1_122' title='bbox 1124 827 1299 885; x_wconf 87' lang='lat' dir='ltr'>reliquae</span> <span class='ocrx_word' id='word_1_123' title='bbox 1318 824 1488 871; x_wconf 71' lang='lat' dir='ltr'>dialeffi</span> <span class='ocrx_word' id='word_1_124' title='bbox 1516 840 1706 886; x_wconf 78' lang='lat' dir='ltr'>cognatae</span> <span class='ocrx_word' id='word_1_125' title='bbox 1726 826 2013 871; x_wconf 86' lang='lat' dir='ltr'>retinuerunt.</span> <span class='ocrx_word' id='word_1_126' title='bbox 2083 821 2155 870; x_wconf 84' lang='lat' dir='ltr'>Sic</span> <span class='ocrx_word' id='word_1_127' title='bbox 2173 840 2212 872; x_wconf 76' lang='lat' dir='ltr'>e·</span> <span class='ocrx_word' id='word_1_128' title='bbox 2235 838 2282 883; x_wconf 72' lang='lat' dir='ltr'>g.</span> 
     </span>
     <span class='ocr_line' id='line_1_12' title="bbox 56 888 2283 955; baseline -0.004 -13"><span class='ocrx_word' id='word_1_129' title='bbox 56 895 168 942; x_wconf 84' lang='lat' dir='ltr'>dum</span> <span class='ocrx_word' id='word_1_130' title='bbox 188 894 290 951; x_wconf 82' lang='lat' dir='ltr'>alls,</span> <span class='ocrx_word' id='word_1_131' title='bbox 312 895 472 950; x_wconf 87' lang='lat' dir='ltr'>omnis,</span> <span class='ocrx_word' id='word_1_132' title='bbox 500 892 711 955; x_wconf 88' lang='lat' dir='ltr'>scriptum</span> <span class='ocrx_word' id='word_1_133' title='bbox 734 892 884 949; x_wconf 73' lang='lat' dir='ltr'>video,</span> <span class='ocrx_word' id='word_1_134' title='bbox 923 907 1174 952; x_wconf 82' lang='lat' dir='ltr'>ceterasque</span> <span class='ocrx_word' id='word_1_135' title='bbox 1196 893 1365 953; x_wconf 83' lang='lat' dir='ltr'>linguas</span> <span class='ocrx_word' id='word_1_136' title='bbox 1387 891 1596 955; x_wconf 80' lang='lat' dir='ltr'>Scythicae</span> <span class='ocrx_word' id='word_1_137' title='bbox 1613 891 1796 951; x_wconf 86' lang='lat' dir='ltr'>originis</span> <span class='ocrx_word' id='word_1_138' title='bbox 1820 906 1972 935; x_wconf 89' lang='lat' dir='ltr'>omnes</span> <span class='ocrx_word' id='word_1_139' title='bbox 1993 888 2143 934; x_wconf 90' lang='lat' dir='ltr'>eadem</span> <span class='ocrx_word' id='word_1_140' title='bbox 2161 905 2283 946; x_wconf 86' lang='lat' dir='ltr'>voce,</span> 
     </span>
     <span class='ocr_line' id='line_1_13' title="bbox 52 953 2281 1019; baseline -0.004 -11"><span class='ocrx_word' id='word_1_141' title='bbox 52 961 212 1008; x_wconf 80' lang='lat' dir='ltr'>iisdem</span> <span class='ocrx_word' id='word_1_142' title='bbox 238 960 481 1007; x_wconf 85' lang='lat' dir='ltr'>litterarum</span> <span class='ocrx_word' id='word_1_143' title='bbox 504 960 729 1006; x_wconf 86' lang='lat' dir='ltr'>elementis</span> <span class='ocrx_word' id='word_1_144' title='bbox 749 957 927 1019; x_wconf 82' lang='lat' dir='ltr'>scripta,</span> <span class='ocrx_word' id='word_1_145' title='bbox 962 959 1186 1018; x_wconf 86' lang='lat' dir='ltr'>hodieque</span> <span class='ocrx_word' id='word_1_146' title='bbox 1207 961 1294 1015; x_wconf 85' lang='lat' dir='ltr'>uti,</span> <span class='ocrx_word' id='word_1_147' title='bbox 1327 958 1427 1019; x_wconf 89' lang='lat' dir='ltr'>plus</span> <span class='ocrx_word' id='word_1_148' title='bbox 1455 974 1587 1018; x_wconf 87' lang='lat' dir='ltr'>quam</span> <span class='ocrx_word' id='word_1_149' title='bbox 1619 955 1848 1017; x_wconf 84' lang='lat' dir='ltr'>probabile</span> <span class='ocrx_word' id='word_1_150' title='bbox 1869 953 1950 1010; x_wconf 87' lang='lat' dir='ltr'>est,</span> <span class='ocrx_word' id='word_1_151' title='bbox 1986 971 2063 999; x_wconf 84' lang='lat' dir='ltr'>nec</span> <span class='ocrx_word' id='word_1_152' title='bbox 2088 953 2281 1000; x_wconf 85' lang='lat' dir='ltr'>ablufisse</span> 
     </span>
     <span class='ocr_line' id='line_1_14' title="bbox 53 1019 2281 1091; baseline -0.004 -17"><span class='ocrx_word' id='word_1_153' title='bbox 53 1029 464 1090; x_wconf 86' lang='lat' dir='ltr'>pronuntiationem</span> <span class='ocrx_word' id='word_1_154' title='bbox 487 1026 742 1073; x_wconf 87' lang='lat' dir='ltr'>Gothicam.</span> <span class='ocrx_word' id='word_1_155' title='bbox 810 1028 874 1071; x_wconf 89' lang='lat' dir='ltr'>Ita</span> <span class='ocrx_word' id='word_1_156' title='bbox 896 1042 1035 1084; x_wconf 93' lang='lat' dir='ltr'>quum</span> <span class='ocrx_word' id='word_1_157' title='bbox 1053 1041 1089 1091; x_wconf 86' lang='lat' dir='ltr'><em>g</em></span> <span class='ocrx_word' id='word_1_158' title='bbox 1108 1040 1204 1071; x_wconf 89' lang='lat' dir='ltr'>ante</span> <span class='ocrx_word' id='word_1_159' title='bbox 1225 1024 1344 1071; x_wconf 86' lang='lat' dir='ltr'>aliud</span> <span class='ocrx_word' id='word_1_160' title='bbox 1360 1041 1417 1091; x_wconf 81' lang='lat' dir='ltr'>g,</span> <span class='ocrx_word' id='word_1_161' title='bbox 1447 1027 1473 1069; x_wconf 82' lang='lat' dir='ltr'><strong><em>k</em></strong></span> <span class='ocrx_word' id='word_1_162' title='bbox 1491 1023 1557 1071; x_wconf 91' lang='lat' dir='ltr'>vel</span> <span class='ocrx_word' id='word_1_163' title='bbox 1583 1040 1660 1089; x_wconf 87' lang='lat' dir='ltr'>qv,</span> <span class='ocrx_word' id='word_1_164' title='bbox 1694 1020 1887 1084; x_wconf 85' lang='lat' dir='ltr'>pofitum</span> <span class='ocrx_word' id='word_1_165' title='bbox 1917 1019 2140 1078; x_wconf 88' lang='lat' dir='ltr'>videmus,</span> <span class='ocrx_word' id='word_1_166' title='bbox 2174 1035 2281 1066; x_wconf 88' lang='lat' dir='ltr'>con-</span> 
     </span>
     <span class='ocr_line' id='line_1_15' title="bbox 54 1084 2280 1155; baseline -0.004 -14"><span class='ocrx_word' id='word_1_167' title='bbox 54 1095 252 1150; x_wconf 87' lang='lat' dir='ltr'>iicimus,</span> <span class='ocrx_word' id='word_1_168' title='bbox 285 1093 694 1155; x_wconf 86' lang='lat' dir='ltr'>pronuntiationem</span> <span class='ocrx_word' id='word_1_169' title='bbox 718 1092 836 1138; x_wconf 87' lang='lat' dir='ltr'>illius</span> <span class='ocrx_word' id='word_1_170' title='bbox 863 1092 1046 1138; x_wconf 84' lang='lat' dir='ltr'>eandem</span> <span class='ocrx_word' id='word_1_171' title='bbox 1074 1090 1156 1137; x_wconf 89' lang='lat' dir='ltr'>esse</span> <span class='ocrx_word' id='word_1_172' title='bbox 1182 1090 1363 1148; x_wconf 85' lang='lat' dir='ltr'>debere,</span> <span class='ocrx_word' id='word_1_173' title='bbox 1399 1108 1496 1150; x_wconf 89' lang='lat' dir='ltr'>quae</span> <span class='ocrx_word' id='word_1_174' title='bbox 1516 1091 1774 1137; x_wconf 87' lang='lat' dir='ltr'>Graecorum</span> <span class='ocrx_word' id='word_1_175' title='bbox 1802 1087 1910 1134; x_wconf 91' lang='lat' dir='ltr'>olim</span> <span class='ocrx_word' id='word_1_176' title='bbox 1940 1084 2050 1136; x_wconf 77' lang='lat' dir='ltr'>fuitz</span> <span class='ocrx_word' id='word_1_177' title='bbox 2086 1085 2280 1147; x_wconf 87' lang='lat' dir='ltr'>exempli</span> 
     </span>
     <span class='ocr_line' id='line_1_16' title="bbox 52 1152 2279 1225; baseline -0.003 -20"><span class='ocrx_word' id='word_1_178' title='bbox 52 1160 152 1208; x_wconf 90' lang='lat' dir='ltr'>loco</span> <span class='ocrx_word' id='word_1_179' title='bbox 181 1157 307 1206; x_wconf 87' lang='lat' dir='ltr'>sunto</span> <span class='ocrx_word' id='word_1_180' title='bbox 327 1158 567 1219; x_wconf 84' lang='lat' dir='ltr'>Ulphilana</span> <span class='ocrx_word' id='word_1_181' title='bbox 592 1175 810 1225; x_wconf 82' lang='lat' dir='ltr'>gaggan,</span> <span class='ocrx_word' id='word_1_182' title='bbox 841 1158 1048 1223; x_wconf 68' lang='lat' dir='ltr'>‹it-igkja,</span> <span class='ocrx_word' id='word_1_183' title='bbox 1075 1156 1309 1223; x_wconf 80' lang='lat' dir='ltr'>stigqlzan,</span> <span class='ocrx_word' id='word_1_184' title='bbox 1345 1160 1514 1218; x_wconf 87' lang='lat' dir='ltr'>quippe</span> <span class='ocrx_word' id='word_1_185' title='bbox 1542 1171 1737 1216; x_wconf 91' lang='lat' dir='ltr'>quorum</span> <span class='ocrx_word' id='word_1_186' title='bbox 1768 1155 1858 1200; x_wconf 88' lang='lat' dir='ltr'>duo</span> <span class='ocrx_word' id='word_1_187' title='bbox 1887 1154 2037 1214; x_wconf 87' lang='lat' dir='ltr'>priora</span> <span class='ocrx_word' id='word_1_188' title='bbox 2056 1152 2176 1214; x_wconf 88' lang='lat' dir='ltr'>apud</span> <span class='ocrx_word' id='word_1_189' title='bbox 2197 1169 2279 1198; x_wconf 84' lang='lat' dir='ltr'>nos</span> 
     </span>
     <span class='ocr_line' id='line_1_17' title="bbox 51 1218 2280 1290; baseline -0.004 -16"><span class='ocrx_word' id='word_1_190' title='bbox 51 1224 356 1274; x_wconf 85' lang='lat' dir='ltr'>scribuntur&amp;</span> <span class='ocrx_word' id='word_1_191' title='bbox 374 1227 719 1286; x_wconf 86' lang='lat' dir='ltr'>pronuntiantur</span> <span class='ocrx_word' id='word_1_192' title='bbox 732 1229 916 1290; x_wconf 63' lang='lat' dir='ltr'>gtinga,</span> <span class='ocrx_word' id='word_1_193' title='bbox 950 1224 1185 1282; x_wconf 59' lang='lat' dir='ltr'>(inultam,</span> <span class='ocrx_word' id='word_1_194' title='bbox 1215 1222 1487 1284; x_wconf 91' lang='lat' dir='ltr'>postremum</span> <span class='ocrx_word' id='word_1_195' title='bbox 1516 1219 1707 1283; x_wconf 86' lang='lat' dir='ltr'>superest</span> <span class='ocrx_word' id='word_1_196' title='bbox 1735 1222 1781 1267; x_wconf 90' lang='lat' dir='ltr'>in</span> <span class='ocrx_word' id='word_1_197' title='bbox 1807 1221 1942 1266; x_wconf 88' lang='lat' dir='ltr'>latino</span> <span class='ocrx_word' id='word_1_198' title='bbox 1961 1221 2206 1284; x_wconf 69' lang='lat' dir='ltr'>instinetus,</span> <span class='ocrx_word' id='word_1_199' title='bbox 2236 1218 2280 1280; x_wconf 68' lang='lat'>*)</span> 
     </span>
     <span class='ocr_line' id='line_1_18' title="bbox 52 1283 2278 1353; baseline -0.004 -12"><span class='ocrx_word' id='word_1_200' title='bbox 52 1293 97 1341; x_wconf 75' lang='grc' dir='ltr'>ἃ</span> <span class='ocrx_word' id='word_1_201' title='bbox 115 1291 169 1340; x_wconf 85' lang='lat' dir='ltr'>fic</span> <span class='ocrx_word' id='word_1_202' title='bbox 190 1294 234 1338; x_wconf 89' lang='lat' dir='ltr'>in</span> <span class='ocrx_word' id='word_1_203' title='bbox 261 1293 426 1338; x_wconf 84' lang='lat' dir='ltr'>ceteris.</span> <span class='ocrx_word' id='word_1_204' title='bbox 494 1294 701 1338; x_wconf 88' lang='lat' dir='ltr'>Potuerat</span> <span class='ocrx_word' id='word_1_205' title='bbox 722 1295 788 1338; x_wconf 88' lang='lat' dir='ltr'>vir</span> <span class='ocrx_word' id='word_1_206' title='bbox 804 1291 876 1338; x_wconf 91' lang='lat' dir='ltr'>hic</span> <span class='ocrx_word' id='word_1_207' title='bbox 889 1327 899 1347; x_wconf 91' lang='lat'>,</span> <span class='ocrx_word' id='word_1_208' title='bbox 936 1291 1189 1352; x_wconf 81' lang='lat' dir='ltr'>linguarum</span> <span class='ocrx_word' id='word_1_209' title='bbox 1208 1289 1421 1353; x_wconf 85' lang='lat' dir='ltr'>Scythicae</span> <span class='ocrx_word' id='word_1_210' title='bbox 1441 1291 1627 1351; x_wconf 84' lang='lat' dir='ltr'>originis</span> <span class='ocrx_word' id='word_1_211' title='bbox 1655 1287 1740 1335; x_wconf 83' lang='lat' dir='ltr'>sine</span> <span class='ocrx_word' id='word_1_212' title='bbox 1759 1286 1959 1347; x_wconf 83' lang='lat' dir='ltr'>exemplo</span> <span class='ocrx_word' id='word_1_213' title='bbox 1979 1283 2278 1346; x_wconf 79' lang='lat' dir='ltr'>peritiffimus‚</span> 
     </span>
     <span class='ocr_line' id='line_1_19' title="bbox 52 1353 2278 1418; baseline -0.005 -11"><span class='ocrx_word' id='word_1_214' title='bbox 52 1374 261 1418; x_wconf 87' lang='lat' dir='ltr'>tanquam</span> <span class='ocrx_word' id='word_1_215' title='bbox 282 1356 519 1404; x_wconf 87' lang='lat' dir='ltr'>subsidium</span> <span class='ocrx_word' id='word_1_216' title='bbox 538 1358 785 1404; x_wconf 90' lang='lat' dir='ltr'>inveniendi</span> <span class='ocrx_word' id='word_1_217' title='bbox 811 1358 1055 1403; x_wconf 88' lang='lat' dir='ltr'>litterarum</span> <span class='ocrx_word' id='word_1_218' title='bbox 1080 1355 1174 1403; x_wconf 86' lang='lat' dir='ltr'>soni</span> <span class='ocrx_word' id='word_1_219' title='bbox 1210 1356 1445 1416; x_wconf 84' lang='lat' dir='ltr'>adiungere</span> <span class='ocrx_word' id='word_1_220' title='bbox 1474 1357 1668 1402; x_wconf 85' lang='lat' dir='ltr'>valorem</span> <span class='ocrx_word' id='word_1_221' title='bbox 1698 1353 1940 1400; x_wconf 87' lang='lat' dir='ltr'>earundem</span> <span class='ocrx_word' id='word_1_222' title='bbox 1961 1353 2278 1416; x_wconf 57' lang='lat' dir='ltr'>numerarium,</span> 
     </span>
     <span class='ocr_line' id='line_1_20' title="bbox 53 1417 2276 1488; baseline -0.003 -15"><span class='ocrx_word' id='word_1_223' title='bbox 53 1427 102 1473; x_wconf 88' lang='lat' dir='ltr'>in</span> <span class='ocrx_word' id='word_1_224' title='bbox 120 1424 351 1473; x_wconf 81' lang='lat' dir='ltr'>collatione</span> <span class='ocrx_word' id='word_1_225' title='bbox 373 1441 474 1470; x_wconf 89' lang='lat' dir='ltr'>cum</span> <span class='ocrx_word' id='word_1_226' title='bbox 502 1424 598 1470; x_wconf 86' lang='lat' dir='ltr'>aliis</span> <span class='ocrx_word' id='word_1_227' title='bbox 627 1440 820 1488; x_wconf 76' lang='lat' dir='ltr'>cognatae</span> <span class='ocrx_word' id='word_1_228' title='bbox 847 1424 1031 1486; x_wconf 82' lang='lat' dir='ltr'>originis</span> <span class='ocrx_word' id='word_1_229' title='bbox 1061 1422 1284 1488; x_wconf 85' lang='lat' dir='ltr'>gentibus,</span> <span class='ocrx_word' id='word_1_230' title='bbox 1319 1424 1387 1471; x_wconf 82' lang='lat' dir='ltr'>vel</span> <span class='ocrx_word' id='word_1_231' title='bbox 1414 1422 1573 1470; x_wconf 87' lang='lat' dir='ltr'>eodem</span> <span class='ocrx_word' id='word_1_232' title='bbox 1600 1420 1798 1469; x_wconf 89' lang='lat' dir='ltr'>instituto</span> <span class='ocrx_word' id='word_1_233' title='bbox 1821 1417 2071 1476; x_wconf 76' lang='lat' dir='ltr'>utentibuS‚</span> <span class='ocrx_word' id='word_1_234' title='bbox 2106 1417 2159 1466; x_wconf 87' lang='lat' dir='ltr'>de</span> <span class='ocrx_word' id='word_1_235' title='bbox 2185 1433 2276 1478; x_wconf 84' lang='lat' dir='ltr'>quo</span> 
     </span>
    </p>
   </div>
   <div class='ocr_carea' id='block_1_4' title="bbox 47 1480 651 1558">
    <p class='ocr_par' dir='ltr' id='par_1_4' title="bbox 47 1480 651 1558">
     <span class='ocr_line' id='line_1_21' title="bbox 47 1480 651 1558; baseline -0.003 -17"><span class='ocrx_word' id='word_1_236' title='bbox 47 1492 140 1558; x_wconf 81' lang='lat' dir='ltr'>jam</span> <span class='ocrx_word' id='word_1_237' title='bbox 159 1480 387 1541; x_wconf 70' lang='lat' dir='ltr'>differendi</span> <span class='ocrx_word' id='word_1_238' title='bbox 412 1490 533 1538; x_wconf 84' lang='lat' dir='ltr'>locus</span> <span class='ocrx_word' id='word_1_239' title='bbox 554 1492 651 1544; x_wconf 82' lang='lat' dir='ltr'>erit.</span> 
     </span>
    </p>
   </div>
   <div class='ocr_carea' id='block_1_5' title="bbox 1046 1603 1283 1666">
    <p class='ocr_par' dir='ltr' id='par_1_5' title="bbox 1046 1603 1283 1666">
     <span class='ocr_line' id='line_1_22' title="bbox 1046 1603 1283 1666; baseline 0 -14"><span class='ocrx_word' id='word_1_240' title='bbox 1046 1605 1084 1662; x_wconf 65' lang='grc' dir='ltr'>ς.</span> <span class='ocrx_word' id='word_1_241' title='bbox 1152 1603 1283 1666; x_wconf 68' lang='lat' dir='ltr'>xm</span> 
     </span>
    </p>
   </div>
   <div class='ocr_carea' id='block_1_6' title="bbox 43 1680 2275 2219">
    <p class='ocr_par' dir='ltr' id='par_1_6' title="bbox 43 1680 2275 2219">
     <span class='ocr_line' id='line_1_23' title="bbox 189 1680 2275 1752; baseline -0.004 -14"><span class='ocrx_word' id='word_1_242' title='bbox 189 1690 446 1752; x_wconf 87' lang='lat' dir='ltr'>Antequam</span> <span class='ocrx_word' id='word_1_243' title='bbox 468 1707 758 1738; x_wconf 83' lang='lat' dir='ltr'>numerorum</span> <span class='ocrx_word' id='word_1_244' title='bbox 793 1706 907 1739; x_wconf 87' lang='lat' dir='ltr'>notae</span> <span class='ocrx_word' id='word_1_245' title='bbox 930 1689 1143 1747; x_wconf 82' lang='lat' dir='ltr'>Arabicae,</span> <span class='ocrx_word' id='word_1_246' title='bbox 1179 1709 1284 1752; x_wconf 83' lang='lat' dir='ltr'>quas</span> <span class='ocrx_word' id='word_1_247' title='bbox 1308 1689 1472 1752; x_wconf 85' lang='lat' dir='ltr'>fiphras</span> <span class='ocrx_word' id='word_1_248' title='bbox 1496 1688 1630 1750; x_wconf 87' lang='lat' dir='ltr'>vulgo</span> <span class='ocrx_word' id='word_1_249' title='bbox 1659 1690 1968 1742; x_wconf 83' lang='lat' dir='ltr'>nominamus,</span> <span class='ocrx_word' id='word_1_250' title='bbox 2000 1680 2275 1747; x_wconf 67' lang='lat' dir='ltr'>usq-recipe:</span> 
     </span>
     <span class='ocr_line' id='line_1_24' title="bbox 51 1749 2275 1818; baseline -0.005 -12"><span class='ocrx_word' id='word_1_251' title='bbox 51 1772 226 1815; x_wconf 84' lang='lat' dir='ltr'>rentur,</span> <span class='ocrx_word' id='word_1_252' title='bbox 253 1756 434 1815; x_wconf 79' lang='lat' dir='ltr'>scimuS,</span> <span class='ocrx_word' id='word_1_253' title='bbox 469 1759 590 1804; x_wconf 87' lang='lat' dir='ltr'>haud</span> <span class='ocrx_word' id='word_1_254' title='bbox 616 1775 782 1818; x_wconf 84' lang='lat' dir='ltr'>paucos</span> <span class='ocrx_word' id='word_1_255' title='bbox 810 1756 958 1818; x_wconf 70' lang='lat' dir='ltr'>fuisse,</span> <span class='ocrx_word' id='word_1_256' title='bbox 994 1759 1071 1817; x_wconf 86' lang='lat' dir='ltr'>qui</span> <span class='ocrx_word' id='word_1_257' title='bbox 1099 1760 1253 1804; x_wconf 85' lang='lat' dir='ltr'>litteris</span> <span class='ocrx_word' id='word_1_258' title='bbox 1282 1774 1489 1805; x_wconf 89' lang='lat' dir='ltr'>numeros</span> <span class='ocrx_word' id='word_1_259' title='bbox 1514 1755 1859 1817; x_wconf 81' lang='lat' dir='ltr'>significaverint.</span> <span class='ocrx_word' id='word_1_260' title='bbox 1927 1756 1980 1798; x_wconf 93' lang='lat' dir='ltr'>In</span> <span class='ocrx_word' id='word_1_261' title='bbox 2005 1751 2093 1796; x_wconf 89' lang='lat' dir='ltr'>hoc</span> <span class='ocrx_word' id='word_1_262' title='bbox 2121 1749 2275 1803; x_wconf 74' lang='lat' dir='ltr'>ordine</span> 
     </span>
     <span class='ocr_line' id='line_1_25' title="bbox 52 1817 2274 1889; baseline -0.005 -16"><span class='ocrx_word' id='word_1_263' title='bbox 52 1824 173 1873; x_wconf 79' lang='lat' dir='ltr'>haud</span> <span class='ocrx_word' id='word_1_264' title='bbox 191 1822 278 1872; x_wconf 80' lang='lat' dir='ltr'>scio</span> <span class='ocrx_word' id='word_1_265' title='bbox 297 1842 350 1871; x_wconf 89' lang='lat' dir='ltr'>an</span> <span class='ocrx_word' id='word_1_266' title='bbox 367 1826 505 1886; x_wconf 90' lang='lat' dir='ltr'>primi</span> <span class='ocrx_word' id='word_1_267' title='bbox 523 1821 689 1871; x_wconf 87' lang='lat' dir='ltr'>fuerint</span> <span class='ocrx_word' id='word_1_268' title='bbox 709 1825 853 1871; x_wconf 83' lang='lat' dir='ltr'>Ebraei</span> <span class='ocrx_word' id='word_1_269' title='bbox 866 1861 878 1884; x_wconf 85' lang='lat'>‚</span> <span class='ocrx_word' id='word_1_270' title='bbox 914 1824 1074 1883; x_wconf 85' lang='lat' dir='ltr'>quibus</span> <span class='ocrx_word' id='word_1_271' title='bbox 1092 1825 1285 1887; x_wconf 84' lang='lat' dir='ltr'>adiungo</span> <span class='ocrx_word' id='word_1_272' title='bbox 1304 1824 1442 1889; x_wconf 85' lang='lat' dir='ltr'>Syros</span> <span class='ocrx_word' id='word_1_273' title='bbox 1455 1862 1466 1882; x_wconf 93' lang='lat'>,</span> <span class='ocrx_word' id='word_1_274' title='bbox 1500 1823 1683 1882; x_wconf 84' lang='lat' dir='ltr'>Arabes,</span> <span class='ocrx_word' id='word_1_275' title='bbox 1714 1817 1860 1870; x_wconf 86' lang='lat' dir='ltr'>Persas</span> <span class='ocrx_word' id='word_1_276' title='bbox 1871 1857 1883 1878; x_wconf 91' lang='lat'>,</span> <span class='ocrx_word' id='word_1_277' title='bbox 1913 1823 2134 1866; x_wconf 87' lang='lat' dir='ltr'>Armenos</span> <span class='ocrx_word' id='word_1_278' title='bbox 2153 1817 2274 1862; x_wconf 86' lang='lat' dir='ltr'>Tur·</span> 
     </span>
     <span class='ocr_line' id='line_1_26' title="bbox 51 1878 2274 1956; baseline -0.007 -16"><span class='ocrx_word' id='word_1_279' title='bbox 51 1907 227 1956; x_wconf 78' lang='lat' dir='ltr'>casque.</span> <span class='ocrx_word' id='word_1_280' title='bbox 295 1892 470 1938; x_wconf 80' lang='lat' dir='ltr'>Eorum</span> <span class='ocrx_word' id='word_1_281' title='bbox 488 1891 742 1951; x_wconf 85' lang='lat' dir='ltr'>exemplum</span> <span class='ocrx_word' id='word_1_282' title='bbox 763 1889 897 1938; x_wconf 88' lang='lat' dir='ltr'>secuti</span> <span class='ocrx_word' id='word_1_283' title='bbox 915 1889 1011 1937; x_wconf 83' lang='lat' dir='ltr'>sunt</span> <span class='ocrx_word' id='word_1_284' title='bbox 1034 1891 1199 1948; x_wconf 86' lang='lat' dir='ltr'>Gothi,</span> <span class='ocrx_word' id='word_1_285' title='bbox 1234 1892 1401 1951; x_wconf 84' lang='lat' dir='ltr'>Graeci,</span> <span class='ocrx_word' id='word_1_286' title='bbox 1425 1891 1602 1950; x_wconf 63' lang='lat' dir='ltr'>‘quique</span> <span class='ocrx_word' id='word_1_287' title='bbox 1630 1906 1716 1936; x_wconf 89' lang='lat' dir='ltr'>una</span> <span class='ocrx_word' id='word_1_288' title='bbox 1740 1904 1843 1935; x_wconf 89' lang='lat' dir='ltr'>cum</span> <span class='ocrx_word' id='word_1_289' title='bbox 1869 1885 2095 1948; x_wconf 88' lang='lat' dir='ltr'>religionis</span> <span class='ocrx_word' id='word_1_290' title='bbox 2116 1878 2274 1944; x_wconf 87' lang='lat' dir='ltr'>myste-</span> 
     </span>
     <span class='ocr_line' id='line_1_27' title="bbox 54 1946 2273 2019; baseline -0.005 -14"><span class='ocrx_word' id='word_1_291' title='bbox 54 1960 133 2006; x_wconf 80' lang='lat' dir='ltr'>riis</span> <span class='ocrx_word' id='word_1_292' title='bbox 165 1955 220 2004; x_wconf 87' lang='lat' dir='ltr'>ab</span> <span class='ocrx_word' id='word_1_293' title='bbox 254 1957 324 2004; x_wconf 85' lang='lat' dir='ltr'>his</span> <span class='ocrx_word' id='word_1_294' title='bbox 359 1956 574 2018; x_wconf 84' lang='lat' dir='ltr'>magistris</span> <span class='ocrx_word' id='word_1_295' title='bbox 608 1958 797 2004; x_wconf 85' lang='lat' dir='ltr'>calculos</span> <span class='ocrx_word' id='word_1_296' title='bbox 828 1957 1024 2019; x_wconf 88' lang='lat' dir='ltr'>ponendi</span> <span class='ocrx_word' id='word_1_297' title='bbox 1058 1973 1194 2004; x_wconf 90' lang='lat' dir='ltr'>artem</span> <span class='ocrx_word' id='word_1_298' title='bbox 1229 1958 1439 2014; x_wconf 86' lang='lat' dir='ltr'>didicere,</span> <span class='ocrx_word' id='word_1_299' title='bbox 1473 1955 1590 2002; x_wconf 82' lang='lat' dir='ltr'>Ruffi</span> <span class='ocrx_word' id='word_1_300' title='bbox 1625 1956 1669 2011; x_wconf 76' lang='grc' dir='ltr'>ὅ(</span> <span class='ocrx_word' id='word_1_301' title='bbox 1703 1954 1960 2014; x_wconf 87' lang='lat' dir='ltr'>AEthiopes,</span> <span class='ocrx_word' id='word_1_302' title='bbox 1993 1962 2190 2010; x_wconf 88' lang='lat' dir='ltr'>quorum</span> <span class='ocrx_word' id='word_1_303' title='bbox 2209 1946 2273 1994; x_wconf 88' lang='lat' dir='ltr'>ul-</span> 
     </span>
     <span class='ocr_line' id='line_1_28' title="bbox 47 2010 2272 2088; baseline -0.003 -16"><span class='ocrx_word' id='word_1_304' title='bbox 47 2026 153 2072; x_wconf 70' lang='lat' dir='ltr'>timi</span> <span class='ocrx_word' id='word_1_305' title='bbox 173 2022 219 2069; x_wconf 89' lang='lat' dir='ltr'>id</span> <span class='ocrx_word' id='word_1_306' title='bbox 238 2023 458 2085; x_wconf 87' lang='lat' dir='ltr'>peculiare</span> <span class='ocrx_word' id='word_1_307' title='bbox 485 2022 666 2079; x_wconf 87' lang='lat' dir='ltr'>habent,</span> <span class='ocrx_word' id='word_1_308' title='bbox 701 2026 768 2070; x_wconf 91' lang='lat' dir='ltr'>uti</span> <span class='ocrx_word' id='word_1_309' title='bbox 793 2041 953 2087; x_wconf 87' lang='lat' dir='ltr'>magno</span> <span class='ocrx_word' id='word_1_310' title='bbox 975 2022 1153 2070; x_wconf 66' lang='lat' dir='ltr'>auRore</span> <span class='ocrx_word' id='word_1_311' title='bbox 1171 2023 1280 2086; x_wconf 77' lang='lat' dir='ltr'>Joho</span> <span class='ocrx_word' id='word_1_312' title='bbox 1300 2020 1539 2088; x_wconf 79' lang='lat' dir='ltr'>Ludolplzo</span> <span class='ocrx_word' id='word_1_313' title='bbox 1567 2022 1724 2078; x_wconf 87' lang='lat' dir='ltr'>didici,</span> <span class='ocrx_word' id='word_1_314' title='bbox 1759 2019 1880 2080; x_wconf 90' lang='lat' dir='ltr'>quod</span> <span class='ocrx_word' id='word_1_315' title='bbox 1910 2033 2052 2078; x_wconf 88' lang='lat' dir='ltr'>quum</span> <span class='ocrx_word' id='word_1_316' title='bbox 2077 2012 2175 2067; x_wconf 65' lang='lat' dir='ltr'>suas,</span> <span class='ocrx_word' id='word_1_317' title='bbox 2192 2010 2272 2059; x_wconf 75' lang='lat' dir='ltr'>fibi</span> 
     </span>
     <span class='ocr_line' id='line_1_29' title="bbox 43 2077 2272 2152; baseline -0.002 -18"><span class='ocrx_word' id='word_1_318' title='bbox 43 2088 257 2152; x_wconf 74' lang='lat' dir='ltr'>&#39;proprias</span> <span class='ocrx_word' id='word_1_319' title='bbox 276 2089 437 2143; x_wconf 73' lang='lat' dir='ltr'>litteras</span> <span class='ocrx_word' id='word_1_320' title='bbox 466 2089 696 2147; x_wconf 85' lang='lat' dir='ltr'>haberent,</span> <span class='ocrx_word' id='word_1_321' title='bbox 731 2108 781 2137; x_wconf 81' lang='lat' dir='ltr'>ex</span> <span class='ocrx_word' id='word_1_322' title='bbox 810 2088 1070 2140; x_wconf 77' lang='lat' dir='ltr'>suistamen</span> <span class='ocrx_word' id='word_1_323' title='bbox 1099 2090 1140 2136; x_wconf 66' lang='grc' dir='ltr'>ὅ(</span> <span class='ocrx_word' id='word_1_324' title='bbox 1161 2092 1327 2137; x_wconf 77' lang='lat' dir='ltr'>Graecis</span> <span class='ocrx_word' id='word_1_325' title='bbox 1358 2090 1471 2151; x_wconf 76' lang='lat' dir='ltr'>quasi</span> <span class='ocrx_word' id='word_1_326' title='bbox 1499 2087 1725 2151; x_wconf 88' lang='lat' dir='ltr'>permistas</span> <span class='ocrx_word' id='word_1_327' title='bbox 1752 2088 1855 2133; x_wconf 86' lang='lat' dir='ltr'>alias</span> <span class='ocrx_word' id='word_1_328' title='bbox 1884 2082 2184 2131; x_wconf 85' lang='lat' dir='ltr'>adinvenerint</span> <span class='ocrx_word' id='word_1_329' title='bbox 2216 2077 2272 2129; x_wconf 79' lang='lat' dir='ltr'>ad</span> 
     </span>
     <span class='ocr_line' id='line_1_30' title="bbox 47 2150 2271 2219; baseline -0.001 -15"><span class='ocrx_word' id='word_1_330' title='bbox 47 2155 179 2208; x_wconf 85' lang='lat' dir='ltr'>usum</span> <span class='ocrx_word' id='word_1_331' title='bbox 201 2155 552 2215; x_wconf 70' lang='lat' dir='ltr'>arithmeticum,</span> <span class='ocrx_word' id='word_1_332' title='bbox 587 2156 720 2217; x_wconf 85' lang='lat' dir='ltr'>idque</span> <span class='ocrx_word' id='word_1_333' title='bbox 743 2159 822 2214; x_wconf 86' lang='lat' dir='ltr'>ita,</span> <span class='ocrx_word' id='word_1_334' title='bbox 857 2172 906 2204; x_wconf 89' lang='lat' dir='ltr'>ut</span> <span class='ocrx_word' id='word_1_335' title='bbox 925 2159 1056 2203; x_wconf 88' lang='lat' dir='ltr'>etiam</span> <span class='ocrx_word' id='word_1_336' title='bbox 1077 2157 1337 2204; x_wconf 85' lang='lat' dir='ltr'>Graecorum</span> <span class='ocrx_word' id='word_1_337' title='bbox 1359 2154 1546 2219; x_wconf 86' lang='lat' dir='ltr'>episema</span> <span class='ocrx_word' id='word_1_338' title='bbox 1565 2154 1639 2203; x_wconf 89' lang='lat' dir='ltr'>sua</span> <span class='ocrx_word' id='word_1_339' title='bbox 1656 2150 1852 2206; x_wconf 82' lang='lat' dir='ltr'>fecerint,</span> <span class='ocrx_word' id='word_1_340' title='bbox 1919 2154 1971 2198; x_wconf 90' lang='lat' dir='ltr'>In</span> <span class='ocrx_word' id='word_1_341' title='bbox 1991 2157 2146 2213; x_wconf 57' lang='lat' dir='ltr'>genere</span> <span class='ocrx_word' id='word_1_342' title='bbox 2165 2161 2271 2192; x_wconf 74' lang='lat' dir='ltr'>Vero</span> 
     </span>
    </p>
   </div>
   <div class='ocr_carea' id='block_1_7' title="bbox 70 2209 2272 2998">
    <p class='ocr_par' dir='ltr' id='par_1_7' title="bbox 70 2209 2272 2322">
     <span class='ocr_line' id='line_1_31' title="bbox 1931 2209 2272 2268; baseline -0.012 -7"><span class='ocrx_word' id='word_1_343' title='bbox 1931 2259 1933 2261; x_wconf 84' lang='lat'>.</span> <span class='ocrx_word' id='word_1_344' title='bbox 2164 2225 2166 2227; x_wconf 72' lang='grc'><strong><em>’</em></strong></span> <span class='ocrx_word' id='word_1_345' title='bbox 2197 2244 2200 2245; x_wconf 26' lang='lat'><em>⁷</em></span> <span class='ocrx_word' id='word_1_346' title='bbox 2224 2209 2272 2268; x_wconf 79' lang='lat' dir='ltr'>id</span> 
     </span>
     <span class='ocr_line' id='line_1_32' title="bbox 70 2295 2264 2322; baseline -0.006 0"><span class='ocrx_word' id='word_1_347' title='bbox 70 2295 2264 2322; x_wconf 46' lang='lat' dir='ltr'>ww</span> 
     </span>
    </p>

    <p class='ocr_par' dir='ltr' id='par_1_8' title="bbox 652 2359 2180 2414">
     <span class='ocr_line' id='line_1_33' title="bbox 652 2359 2180 2414; baseline 0.003 -15"><span class='ocrx_word' id='word_1_348' title='bbox 652 2362 708 2400; x_wconf 88' lang='lat' dir='ltr'>Ita</span> <span class='ocrx_word' id='word_1_349' title='bbox 739 2359 930 2412; x_wconf 77' lang='lat' dir='ltr'>gaudium</span> <span class='ocrx_word' id='word_1_350' title='bbox 956 2374 1091 2401; x_wconf 84' lang='lat' dir='ltr'>eorum</span> <span class='ocrx_word' id='word_1_351' title='bbox 1116 2360 1239 2401; x_wconf 76' lang='lat' dir='ltr'>ex³stit</span> <span class='ocrx_word' id='word_1_352' title='bbox 1265 2363 1479 2414; x_wconf 86' lang='lat' dir='ltr'>multiplex,</span> <span class='ocrx_word' id='word_1_353' title='bbox 2178 2374 2180 2376; x_wconf 86' lang='grc'><em>·</em></span> 
     </span>
    </p>

    <p class='ocr_par' dir='ltr' id='par_1_9' title="bbox 85 2412 2266 2784">
     <span class='ocr_line' id='line_1_34' title="bbox 524 2412 1751 2466; baseline 0 -12"><span class='ocrx_word' id='word_1_354' title='bbox 524 2453 529 2457; x_wconf 77' lang='grc'>,</span> <span class='ocrx_word' id='word_1_355' title='bbox 651 2414 732 2454; x_wconf 92' lang='lat' dir='ltr'>Ubi</span> <span class='ocrx_word' id='word_1_356' title='bbox 758 2428 805 2453; x_wconf 84' lang='lat' dir='ltr'>ex</span> <span class='ocrx_word' id='word_1_357' title='bbox 831 2417 960 2454; x_wconf 86' lang='lat' dir='ltr'>animo</span> <span class='ocrx_word' id='word_1_358' title='bbox 991 2416 1178 2464; x_wconf 78' lang='lat' dir='ltr'>(maritus</span> <span class='ocrx_word' id='word_1_359' title='bbox 1204 2412 1246 2454; x_wconf 71' lang='grc' dir='ltr'>ἀ</span> <span class='ocrx_word' id='word_1_360' title='bbox 1274 2424 1399 2466; x_wconf 81' lang='lat' dir='ltr'>uxor)</span> <span class='ocrx_word' id='word_1_361' title='bbox 1426 2417 1523 2456; x_wconf 88' lang='lat' dir='ltr'>inter</span> <span class='ocrx_word' id='word_1_362' title='bbox 1547 2414 1582 2456; x_wconf 90' lang='lat' dir='ltr'>se</span> <span class='ocrx_word' id='word_1_363' title='bbox 1610 2425 1751 2455; x_wconf 81' lang='lat' dir='ltr'>amant.</span> 
     </span>
     <span class='ocr_line' id='line_1_35' title="bbox 85 2457 2265 2522; baseline -0.003 -17"><span class='ocrx_word' id='word_1_364' title='bbox 85 2480 98 2482; x_wconf 20' lang='grc' dir='ltr'><strong><em>ἶ</em></strong></span> <span class='ocrx_word' id='word_1_365' title='bbox 158 2466 214 2506; x_wconf 90' lang='lat' dir='ltr'>St.</span> <span class='ocrx_word' id='word_1_366' title='bbox 231 2467 277 2508; x_wconf 81' lang='lat' dir='ltr'>L.</span> <span class='ocrx_word' id='word_1_367' title='bbox 298 2464 400 2519; x_wconf 76' lang='lat' dir='ltr'>Gipt.</span> <span class='ocrx_word' id='word_1_368' title='bbox 418 2468 448 2506; x_wconf 90' lang='lat' dir='ltr'>B</span> <span class='ocrx_word' id='word_1_369' title='bbox 490 2468 585 2520; x_wconf 77' lang='lat' dir='ltr'>Cap.</span> <span class='ocrx_word' id='word_1_370' title='bbox 607 2481 654 2509; x_wconf 55' lang='lat'>2(</span> <span class='ocrx_word' id='word_1_371' title='bbox 699 2467 846 2506; x_wconf 60' lang='lat' dir='ltr'>Haillret</span> <span class='ocrx_word' id='word_1_372' title='bbox 864 2468 964 2506; x_wconf 78' lang='lat' dir='ltr'>thera</span> <span class='ocrx_word' id='word_1_373' title='bbox 983 2482 1063 2506; x_wconf 78' lang='lat' dir='ltr'>man</span> <span class='ocrx_word' id='word_1_374' title='bbox 1081 2467 1160 2506; x_wconf 75' lang='lat' dir='ltr'>ellcr</span> <span class='ocrx_word' id='word_1_375' title='bbox 1177 2467 1284 2516; x_wconf 65' lang='lat' dir='ltr'>hona,</span> <span class='ocrx_word' id='word_1_376' title='bbox 1304 2467 1356 2521; x_wconf 84' lang='lat' dir='ltr'>fic</span> <span class='ocrx_word' id='word_1_377' title='bbox 1372 2482 1463 2507; x_wconf 84' lang='lat' dir='ltr'>tvem</span> <span class='ocrx_word' id='word_1_378' title='bbox 1481 2472 1621 2522; x_wconf 67' lang='lat' dir='ltr'>giloter:</span> <span class='ocrx_word' id='word_1_379' title='bbox 1648 2471 1673 2508; x_wconf 85' lang='lat' dir='ltr'>i.</span> <span class='ocrx_word' id='word_1_380' title='bbox 1692 2484 1712 2509; x_wconf 89' lang='lat' dir='ltr'>e</span> <span class='ocrx_word' id='word_1_381' title='bbox 1752 2465 2015 2520; x_wconf 79' lang='lat' dir='ltr'>quodcunque</span> <span class='ocrx_word' id='word_1_382' title='bbox 2039 2463 2098 2503; x_wconf 84' lang='lat' dir='ltr'>vir</span> <span class='ocrx_word' id='word_1_383' title='bbox 2115 2469 2182 2501; x_wconf 85' lang='lat' dir='ltr'>aut</span> <span class='ocrx_word' id='word_1_384' title='bbox 2204 2457 2265 2498; x_wconf 78' lang='lat' dir='ltr'>fae·</span> 
     </span>
     <span class='ocr_line' id='line_1_36' title="bbox 156 2516 2265 2574; baseline 0.003 -16"><span class='ocrx_word' id='word_1_385' title='bbox 156 2519 267 2559; x_wconf 84' lang='lat' dir='ltr'>mina</span> <span class='ocrx_word' id='word_1_386' title='bbox 291 2532 382 2559; x_wconf 88' lang='lat' dir='ltr'>cum</span> <span class='ocrx_word' id='word_1_387' title='bbox 408 2520 559 2561; x_wconf 84' lang='lat' dir='ltr'>duobus</span> <span class='ocrx_word' id='word_1_388' title='bbox 577 2521 874 2560; x_wconf 88' lang='lat' dir='ltr'>matrimonium</span> <span class='ocrx_word' id='word_1_389' title='bbox 892 2522 1026 2561; x_wconf 86' lang='lat' dir='ltr'>inierit.</span> <span class='ocrx_word' id='word_1_390' title='bbox 1083 2518 1199 2560; x_wconf 72' lang='lat' dir='ltr'>Confv</span> <span class='ocrx_word' id='word_1_391' title='bbox 1221 2523 1296 2562; x_wconf 82' lang='lat' dir='ltr'>ST.</span> <span class='ocrx_word' id='word_1_392' title='bbox 1317 2524 1363 2564; x_wconf 78' lang='lat' dir='ltr'>L.</span> <span class='ocrx_word' id='word_1_393' title='bbox 1391 2523 1522 2574; x_wconf 70' lang='lat' dir='ltr'>Aezfii.</span> <span class='ocrx_word' id='word_1_394' title='bbox 1552 2525 1597 2564; x_wconf 76' lang='lat' dir='ltr'>B.</span> <span class='ocrx_word' id='word_1_395' title='bbox 1619 2537 1652 2569; x_wconf 88' lang='lat'>2,</span> <span class='ocrx_word' id='word_1_396' title='bbox 1691 2534 1725 2564; x_wconf 82' lang='lat'>1.</span> <span class='ocrx_word' id='word_1_397' title='bbox 1749 2523 1793 2568; x_wconf 88' lang='lat'>6,</span> <span class='ocrx_word' id='word_1_398' title='bbox 1828 2536 1863 2560; x_wconf 85' lang='lat'>2·</span> <span class='ocrx_word' id='word_1_399' title='bbox 1890 2531 1926 2566; x_wconf 77' lang='grc'>7,</span> <span class='ocrx_word' id='word_1_400' title='bbox 1962 2516 1999 2560; x_wconf 57' lang='lat' dir='ltr'>2ss</span> <span class='ocrx_word' id='word_1_401' title='bbox 2033 2529 2100 2566; x_wconf 74' lang='lat'>142</span> <span class='ocrx_word' id='word_1_402' title='bbox 2138 2525 2170 2553; x_wconf 47' lang='grc' dir='ltr'>ἓ)</span> <span class='ocrx_word' id='word_1_403' title='bbox 2203 2523 2265 2557; x_wconf 80' lang='lat'>20²</span> 
     </span>
     <span class='ocr_line' id='line_1_37' title="bbox 163 2567 2266 2626; baseline -0 -9"><span class='ocrx_word' id='word_1_404' title='bbox 163 2584 197 2611; x_wconf 88' lang='lat'>1.</span> <span class='ocrx_word' id='word_1_405' title='bbox 222 2584 258 2617; x_wconf 83' lang='lat'>3·</span> <span class='ocrx_word' id='word_1_406' title='bbox 283 2572 365 2623; x_wconf 61' lang='grc' dir='ltr'>ΙἮῘῙΪ</span> <span class='ocrx_word' id='word_1_407' title='bbox 379 2574 420 2613; x_wconf 82' lang='grc' dir='ltr'>Β.</span> <span class='ocrx_word' id='word_1_408' title='bbox 446 2585 503 2622; x_wconf 84' lang='lat'>19,</span> <span class='ocrx_word' id='word_1_409' title='bbox 529 2587 564 2620; x_wconf 76' lang='lat'>3.</span> <span class='ocrx_word' id='word_1_410' title='bbox 585 2588 653 2623; x_wconf 90' lang='lat'>20,</span> <span class='ocrx_word' id='word_1_411' title='bbox 688 2575 927 2626; x_wconf 61' lang='lat' dir='ltr'>4.H‹·&gt;·gm.‘ss</span> <span class='ocrx_word' id='word_1_412' title='bbox 953 2589 986 2622; x_wconf 84' lang='lat'>2,</span> <span class='ocrx_word' id='word_1_413' title='bbox 1026 2587 1053 2613; x_wconf 75' lang='lat' dir='ltr'>t,</span> <span class='ocrx_word' id='word_1_414' title='bbox 1079 2573 1143 2611; x_wconf 89' lang='lat' dir='ltr'>Dr</span> <span class='ocrx_word' id='word_1_415' title='bbox 1171 2588 1216 2612; x_wconf 61' lang='lat' dir='ltr'>nh</span> <span class='ocrx_word' id='word_1_416' title='bbox 1239 2574 1321 2616; x_wconf 76' lang='lat' dir='ltr'>vad.</span> <span class='ocrx_word' id='word_1_417' title='bbox 1346 2586 1410 2622; x_wconf 78' lang='lat'>15.</span> <span class='ocrx_word' id='word_1_418' title='bbox 1438 2575 1553 2626; x_wconf 66' lang='lat' dir='ltr'>Oestq.</span> <span class='ocrx_word' id='word_1_419' title='bbox 1574 2578 1619 2616; x_wconf 78' lang='lat' dir='ltr'>L.</span> <span class='ocrx_word' id='word_1_420' title='bbox 1638 2575 1703 2613; x_wconf 82' lang='lat' dir='ltr'>Kr¹</span> <span class='ocrx_word' id='word_1_421' title='bbox 1725 2577 1767 2614; x_wconf 83' lang='lat' dir='ltr'>B.</span> <span class='ocrx_word' id='word_1_422' title='bbox 1792 2586 1852 2620; x_wconf 84' lang='lat'>31.</span> <span class='ocrx_word' id='word_1_423' title='bbox 1877 2571 1949 2623; x_wconf 78' lang='lat' dir='ltr'>Fls</span> <span class='ocrx_word' id='word_1_424' title='bbox 1965 2574 2008 2612; x_wconf 78' lang='grc' dir='ltr'>Β.</span> <span class='ocrx_word' id='word_1_425' title='bbox 2032 2583 2092 2616; x_wconf 71' lang='lat'>20,</span> <span class='ocrx_word' id='word_1_426' title='bbox 2115 2567 2266 2606; x_wconf 70' lang='lat'><strong>²1·&amp;⁶·</strong></span> 
     </span>
     <span class='ocr_line' id='line_1_38' title="bbox 159 2618 2264 2680; baseline -0.003 -15"><span class='ocrx_word' id='word_1_427' title='bbox 159 2623 367 2665; x_wconf 87' lang='lat' dir='ltr'>Sciendum</span> <span class='ocrx_word' id='word_1_428' title='bbox 384 2639 495 2678; x_wconf 80' lang='lat' dir='ltr'>porro</span> <span class='ocrx_word' id='word_1_429' title='bbox 512 2625 584 2674; x_wconf 89' lang='lat' dir='ltr'>est,</span> <span class='ocrx_word' id='word_1_430' title='bbox 612 2628 798 2667; x_wconf 89' lang='lat' dir='ltr'>idiotismi</span> <span class='ocrx_word' id='word_1_431' title='bbox 815 2628 929 2666; x_wconf 86' lang='lat' dir='ltr'>huius</span> <span class='ocrx_word' id='word_1_432' title='bbox 951 2627 1125 2679; x_wconf 81' lang='lat' dir='ltr'>vestigia,</span> <span class='ocrx_word' id='word_1_433' title='bbox 1155 2640 1346 2679; x_wconf 84' lang='lat' dir='ltr'>quantum</span> <span class='ocrx_word' id='word_1_434' title='bbox 1365 2618 1529 2680; x_wconf 61' lang='lat' dir='ltr'>quidem‘</span> <span class='ocrx_word' id='word_1_435' title='bbox 1541 2628 1639 2669; x_wconf 88' lang='lat' dir='ltr'>mihi</span> <span class='ocrx_word' id='word_1_436' title='bbox 1663 2626 1835 2673; x_wconf 62' lang='lat' dir='ltr'>constat,</span> <span class='ocrx_word' id='word_1_437' title='bbox 1855 2631 1930 2665; x_wconf 64' lang='lat' dir='ltr'>nec·</span> <span class='ocrx_word' id='word_1_438' title='bbox 1946 2627 1985 2663; x_wconf 91' lang='lat' dir='ltr'>in</span> <span class='ocrx_word' id='word_1_439' title='bbox 2002 2623 2132 2673; x_wconf 82' lang='lat' dir='ltr'>Anglo</span> <span class='ocrx_word' id='word_1_440' title='bbox 2150 2622 2264 2665; x_wconf 75' lang='lat' dir='ltr'>Saxo·</span> 
     </span>
     <span class='ocr_line' id='line_1_39' title="bbox 157 2676 2264 2731; baseline -0.003 -14"><span class='ocrx_word' id='word_1_441' title='bbox 157 2679 243 2718; x_wconf 87' lang='lat' dir='ltr'>nica</span> <span class='ocrx_word' id='word_1_442' title='bbox 261 2691 330 2717; x_wconf 80' lang='lat' dir='ltr'>nec</span> <span class='ocrx_word' id='word_1_443' title='bbox 347 2679 598 2720; x_wconf 82' lang='lat' dir='ltr'>Alemannica</span> <span class='ocrx_word' id='word_1_444' title='bbox 615 2680 773 2720; x_wconf 63' lang='lat' dir='ltr'>dialecto</span> <span class='ocrx_word' id='word_1_445' title='bbox 789 2682 972 2728; x_wconf 83' lang='lat' dir='ltr'>inveniri,</span> <span class='ocrx_word' id='word_1_446' title='bbox 1001 2692 1045 2720; x_wconf 88' lang='lat' dir='ltr'>ut</span> <span class='ocrx_word' id='word_1_447' title='bbox 1063 2681 1158 2720; x_wconf 83' lang='lat' dir='ltr'>adeo</span> <span class='ocrx_word' id='word_1_448' title='bbox 1178 2683 1294 2721; x_wconf 81' lang='lat' dir='ltr'>etiam</span> <span class='ocrx_word' id='word_1_449' title='bbox 1312 2681 1386 2721; x_wconf 88' lang='lat' dir='ltr'>hoc</span> <span class='ocrx_word' id='word_1_450' title='bbox 1409 2682 1605 2722; x_wconf 88' lang='lat' dir='ltr'>luculento</span> <span class='ocrx_word' id='word_1_451' title='bbox 1625 2681 1842 2722; x_wconf 89' lang='lat' dir='ltr'>testimonio</span> <span class='ocrx_word' id='word_1_452' title='bbox 1871 2678 2027 2731; x_wconf 81' lang='lat' dir='ltr'>probare</span> <span class='ocrx_word' id='word_1_453' title='bbox 2045 2676 2153 2714; x_wconf 76' lang='lat' dir='ltr'>liccat</span> <span class='ocrx_word' id='word_1_454' title='bbox 2171 2684 2264 2711; x_wconf 86' lang='lat' dir='ltr'>con-</span> 
     </span>
     <span class='ocr_line' id='line_1_40' title="bbox 154 2730 2107 2784; baseline 0.002 -13"><span class='ocrx_word' id='word_1_455' title='bbox 154 2732 387 2771; x_wconf 81' lang='lat' dir='ltr'>venientiam</span> <span class='ocrx_word' id='word_1_456' title='bbox 407 2734 449 2772; x_wconf 78' lang='lat' dir='ltr'>L.</span> <span class='ocrx_word' id='word_1_457' title='bbox 468 2731 755 2784; x_wconf 78' lang='lat' dir='ltr'>Moesogothicae</span> <span class='ocrx_word' id='word_1_458' title='bbox 772 2747 861 2773; x_wconf 87' lang='lat' dir='ltr'>cum</span> <span class='ocrx_word' id='word_1_459' title='bbox 880 2733 1051 2774; x_wconf 66' lang='lat' dir='ltr'>nostrate„</span> <span class='ocrx_word' id='word_1_460' title='bbox 2105 2730 2107 2732; x_wconf 36' lang='lat'><strong><em>¹</em></strong></span> 
     </span>
    </p>

    <p class='ocr_par' dir='ltr' id='par_1_10' title="bbox 101 2777 2264 2949">
     <span class='ocr_line' id='line_1_41' title="bbox 101 2777 2264 2840; baseline 0 -16"><span class='ocrx_word' id='word_1_461' title='bbox 101 2781 144 2836; x_wconf 80' lang='grc'>*)</span> <span class='ocrx_word' id='word_1_462' title='bbox 172 2785 398 2824; x_wconf 86' lang='lat' dir='ltr'>Latinorum</span> <span class='ocrx_word' id='word_1_463' title='bbox 416 2783 595 2834; x_wconf 61' lang='lat' dir='ltr'>instmt‘lus</span> <span class='ocrx_word' id='word_1_464' title='bbox 613 2787 762 2838; x_wconf 80' lang='lat' dir='ltr'>proprie</span> <span class='ocrx_word' id='word_1_465' title='bbox 780 2786 884 2825; x_wconf 74' lang='lat' dir='ltr'>norat</span> <span class='ocrx_word' id='word_1_466' title='bbox 903 2789 1118 2834; x_wconf 85' lang='lat' dir='ltr'>incitatum,</span> <span class='ocrx_word' id='word_1_467' title='bbox 1137 2797 1252 2839; x_wconf 85' lang='lat' dir='ltr'>atque</span> <span class='ocrx_word' id='word_1_468' title='bbox 1268 2785 1363 2827; x_wconf 85' lang='lat' dir='ltr'>adeo</span> <span class='ocrx_word' id='word_1_469' title='bbox 1381 2801 1428 2826; x_wconf 86' lang='lat' dir='ltr'>ex</span> <span class='ocrx_word' id='word_1_470' title='bbox 1442 2788 1513 2828; x_wconf 82' lang='lat' dir='ltr'>affe</span> <span class='ocrx_word' id='word_1_471' title='bbox 1531 2787 1715 2840; x_wconf 73' lang='lat' dir='ltr'>conspirat</span> <span class='ocrx_word' id='word_1_472' title='bbox 1730 2799 1819 2826; x_wconf 90' lang='lat' dir='ltr'>cum</span> <span class='ocrx_word' id='word_1_473' title='bbox 1831 2783 1993 2823; x_wconf 79' lang='lat' dir='ltr'>Gothico</span> <span class='ocrx_word' id='word_1_474' title='bbox 2004 2777 2152 2832; x_wconf 78' lang='lat' dir='ltr'>stincka,</span> <span class='ocrx_word' id='word_1_475' title='bbox 2167 2777 2202 2817; x_wconf 80' lang='lat' dir='ltr'>h·</span> <span class='ocrx_word' id='word_1_476' title='bbox 2228 2791 2264 2820; x_wconf 75' lang='lat' dir='ltr'>e·</span> 
     </span>
     <span class='ocr_line' id='line_1_42' title="bbox 157 2830 2261 2894; baseline -0.004 -17"><span class='ocrx_word' id='word_1_477' title='bbox 157 2850 250 2877; x_wconf 91' lang='lat' dir='ltr'>cum</span> <span class='ocrx_word' id='word_1_478' title='bbox 274 2838 424 2891; x_wconf 88' lang='lat' dir='ltr'>impetu</span> <span class='ocrx_word' id='word_1_479' title='bbox 441 2837 548 2883; x_wconf 83' lang='lat' dir='ltr'>ferri,</span> <span class='ocrx_word' id='word_1_480' title='bbox 572 2838 846 2890; x_wconf 65' lang='lat' dir='ltr'>Moesogothice</span> <span class='ocrx_word' id='word_1_481' title='bbox 863 2840 1048 2892; x_wconf 71' lang='lat' dir='ltr'>stinqzan.</span> <span class='ocrx_word' id='word_1_482' title='bbox 1102 2840 1222 2882; x_wconf 82' lang='lat' dir='ltr'>Conf.</span> <span class='ocrx_word' id='word_1_483' title='bbox 1245 2851 1433 2894; x_wconf 45' lang='lat' dir='ltr'>„annotata</span> <span class='ocrx_word' id='word_1_484' title='bbox 1451 2843 1498 2882; x_wconf 59' lang='lat' dir='ltr'>ali</span> <span class='ocrx_word' id='word_1_485' title='bbox 1527 2842 1736 2889; x_wconf 45' lang='lat' dir='ltr'>[duramenta</span> <span class='ocrx_word' id='word_1_486' title='bbox 1770 2837 1953 2890; x_wconf 55' lang='lat' dir='ltr'>Ulplzis&#39;aua</span> <span class='ocrx_word' id='word_1_487' title='bbox 1977 2851 2014 2888; x_wconf 62' lang='lat' dir='ltr'>p,</span> <span class='ocrx_word' id='word_1_488' title='bbox 2040 2833 2125 2874; x_wconf 25' lang='lat'>126⁷</span> <span class='ocrx_word' id='word_1_489' title='bbox 2153 2830 2261 2883; x_wconf 75' lang='lat' dir='ltr'>sequ.</span> 
     </span>
     <span class='ocr_line' id='line_1_43' title="bbox 156 2886 2262 2949; baseline -0.001 -19"><span class='ocrx_word' id='word_1_490' title='bbox 156 2892 270 2931; x_wconf 89' lang='lat' dir='ltr'>Alius</span> <span class='ocrx_word' id='word_1_491' title='bbox 286 2894 321 2929; x_wconf 66' lang='grc' dir='ltr'>ὅ(</span> <span class='ocrx_word' id='word_1_492' title='bbox 339 2888 488 2929; x_wconf 80' lang='lat' dir='ltr'>diversae</span> <span class='ocrx_word' id='word_1_493' title='bbox 513 2890 650 2930; x_wconf 70' lang='lat' dir='ltr'>radicis</span> <span class='ocrx_word' id='word_1_494' title='bbox 667 2893 842 2943; x_wconf 80' lang='lat' dir='ltr'>germina</span> <span class='ocrx_word' id='word_1_495' title='bbox 867 2892 952 2932; x_wconf 84' lang='lat' dir='ltr'>sunt</span> <span class='ocrx_word' id='word_1_496' title='bbox 978 2893 1168 2946; x_wconf 57' lang='lat' dir='ltr'>distinguo,</span> <span class='ocrx_word' id='word_1_497' title='bbox 1184 2894 1422 2948; x_wconf 70' lang='lat' dir='ltr'>praestingat),</span> <span class='ocrx_word' id='word_1_498' title='bbox 1451 2886 1612 2949; x_wconf 56' lang='lat' dir='ltr'>instigos</span> <span class='ocrx_word' id='word_1_499' title='bbox 1622 2904 1755 2946; x_wconf 84' lang='lat' dir='ltr'>utpote</span> <span class='ocrx_word' id='word_1_500' title='bbox 1781 2900 1943 2946; x_wconf 84' lang='lat' dir='ltr'>cognata</span> <span class='ocrx_word' id='word_1_501' title='bbox 1959 2888 2122 2932; x_wconf 86' lang='lat' dir='ltr'>Gothico</span> <span class='ocrx_word' id='word_1_502' title='bbox 2139 2887 2262 2940; x_wconf 69' lang='lat' dir='ltr'>stinga</span> 
     </span>
    </p>

    <p class='ocr_par' dir='ltr' id='par_1_11' title="bbox 152 2942 2190 2998">
     <span class='ocr_line' id='line_1_44' title="bbox 152 2942 2190 2998; baseline 0.003 -15"><span class='ocrx_word' id='word_1_503' title='bbox 152 2944 189 2983; x_wconf 71' lang='grc' dir='ltr'><strong>ἃ</strong></span> <span class='ocrx_word' id='word_1_504' title='bbox 206 2942 488 2997; x_wconf 73' lang='lat' dir='ltr'>Moesogothico</span> <span class='ocrx_word' id='word_1_505' title='bbox 497 2942 661 2997; x_wconf 79' lang='lat' dir='ltr'>stiggan,</span> <span class='ocrx_word' id='word_1_506' title='bbox 690 2957 774 2997; x_wconf 80' lang='lat' dir='ltr'>quae</span> <span class='ocrx_word' id='word_1_507' title='bbox 790 2958 961 2998; x_wconf 79' lang='lat' dir='ltr'>pungere</span> <span class='ocrx_word' id='word_1_508' title='bbox 978 2957 1124 2994; x_wconf 83' lang='lat' dir='ltr'>notant.</span> <span class='ocrx_word' id='word_1_509' title='bbox 1732 2972 1736 2976; x_wconf 82' lang='lat'><em>·</em></span> <span class='ocrx_word' id='word_1_510' title='bbox 2185 2948 2190 2953; x_wconf 82' lang='grc'><em>“</em></span> 
     </span>
    </p>
   </div>
  </div>
 </body>
</html>
