2473 3380
152 167 248 218 208
364 178 414 213 ·,
810 149 954 205 DIS
974 143 1380 204 SERTATIO
1413 143 1698 205 PRIMA,

755 259 827 307 Ch
1045 277 1079 309 κ
1264 264 1381 308 600.

765 326 843 387 Qh
1045 323 1084 370 ψ
1260 337 1380 387 700.

765 393 808 436 O
1054 401 1080 424 θ
1265 399 1379 446 800.

290 460 420 514 Deest
437 458 565 510 nobis
589 469 692 507 nota
709 455 884 504 numeri
903 467 1001 514 900
1013 486 1027 513 ,
1064 470 1163 516 quae
1181 451 1295 503 forte
1314 456 1454 504 littera
1471 451 1688 517 duplicata
1705 445 1816 516 fuit,
1848 447 2089 504 aut'eadem
2111 470 2206 518 quae
2226 453 2378 505 Russe-

159 550 265 585 rum
284 531 523 584 hodierna,
556 540 631 574 aut
655 523 742 571 alia.
767 522 944 571 tandem
974 523 1260 583 quaecunque,
1327 518 1594 570 Universum
1620 519 1906 583 alphabetum
1925 522 2198 581 Gothicum,
2232 525 2378 571 nativo

159 600 240 649 suo
260 598 407 647 ordini
428 597 487 640 ita
504 591 774 646 restitutum,
809 588 853 637 &
870 589 989 636 baud
1005 605 1164 652 parum
1186 586 1238 635 ab
1258 605 1312 636 eo
1332 585 1574 644 diversum,
1608 587 1732 647 quod
1755 586 1866 636 Bon.
1882 587 2157 647 Vulcanius,
2190 587 2381 656 Junius,

163 663 399 728 Hickqfius
420 660 638 720 ceterique
656 655 851 713 edidere,
882 655 1016 704 habes
1037 657 1125 702 iam
1147 652 1299 704 lefilor.
1370 655 1454 702 Sed
1489 672 1512 702 e
1537 662 1583 701 re
1610 651 1692 709 est,
1727 668 1777 699 ut
1803 667 2038 713 antequam
2067 656 2246 703 ulterius
2277 673 2383 718 pro·

161 731 442 796 grediamun
476 725 653 772 ultimas
671 722 750 770 has
766 722 950 780 litteraS,
983 739 1091 782 quas
1120 723 1446 770 nominavimus
1467 735 1660 776 tantum,
1695 717 1911 780 sigillatim
1930 719 2280 783 percenleamuS.

292 798 338 842 U
359 791 614 855 aequipollet
631 789 766 836 latino
785 804 829 850 v,
846 804 896 836 ut
914 790 959 835 in
979 804 1088 844 vem,
1108 789 1274 846 vinum,
1297 788 1440 844 vinds,
1459 802 1623 843 ventuS,
1645 786 1793 832 Sueth.
1819 786 1938 842 vind,
1952 789 2103 834 Germ.
2123 787 2259 837 wind.
2329 788 2382 834 In

160 863 343 914 vocibus
354 876 459 908 vero
478 855 720 921 peregrinis
739 871 830 903 non
848 872 949 902 raro
961 856 1222 903 Graecorum
1246 861 1271 891 Υ
1296 857 1514 917 exprimit,
1533 868 1582 900 ut
1601 854 1646 898 in
1657 849 2104 919 spyreida1‚c2rve·'?es‚
2140 853 2290 920 Tyrus
2300 854 2385 902 διε.

165 935 217 979 In
235 930 325 977 hoc
345 943 450 985 vero
468 926 642 986 penitus
659 922 922 970 contrariam
942 923 1154 969 rationem
1172 920 1301 968 habet
1318 922 1368 970 v&
1392 922 1651 968 Graecorum
1668 935 1706 967 ν,
1737 932 1892 979 utpote
1920 918 2039 978 quod
2069 919 2115 962 in
2143 921 2386 967 vernaculis

165 995 339 1057 semper
358 1007 387 1060 y
406 989 551 1047 sonat,
582 987 655 1036 sed
676 989 721 1035 in
741 989 985 1049 peregrinis
1012 989 1218 1050 exprimit
1235 1005 1282 1040 v.
1348 990 1411 1037 Ita
1437 985 1745 1050 inscriptiones
1772 984 1934 1032 habent
1961 989 2194 1032 ΣΕΥΗΡΟΣ,
2220 991 2386 1025 tamA-

169 1065 366 1118 21AN02‚
400 1060 598 1112 Severus,
619 1051 936 1117 Vespasianus.
2394 1091 2396 1093 -

301 1125 389 1171 CH
410 1120 559 1169 forma
575 1118 774 1180 sonoque
792 1115 927 1165 refert
947 1120 1207 1165 Graecorum
1229 1134 1275 1166 x·
1329 1117 1544 1168 Occurrit
1562 1120 1607 1166 in
1629 1116 1810 1165 vocibus
1830 1117 2032 1174 exoticis,
2061 1130 2112 1162 ut
2133 1113 2230 1165 sunt
2254 1113 2387 1168 Chri·

127 1227 131 1228 ⁷
152 1194 281 1258 stus,
318 1185 515 1304 Pcsslza,
550 1202 635 1247 pro
659 1201 749 1244 quo
771 1199 916 1231 tamen
935 1184 977 1232 &
999 1182 1151 1252 paska
1180 1182 1395 1246 scriptum
1422 1199 1672 1247 comparet,
1703 1186 1769 1232 uti
1798 1200 1979 1244 quoque
2006 1180 2259 1246 promiscue
2282 1184 2388 1246 legi-

165 1275 239 1307 tur
258 1254 363 1308 Zac
396 1257 528 1304 arias
553 1252 596 1300 &
612 1248 872 1305 Zakarias.

304 1325 410 1388 Q-I.
446 1320 660 1385 Qamvis
686 1317 780 1367 haec
806 1317 969 1377 littera,
1003 1317 1084 1374 ita,
1117 1330 1168 1365 ut
1196 1317 1294 1364 heic
1322 1316 1509 1380 expressa
1538 1317 1751 1372 cernitur,
1785 1332 1811 1362 a
1844 1315 1974 1363 nobis
2005 1313 2213 1377 designari
2241 1311 2388 1374 soleat,

171 1390 348 1440 evidens
373 1404 518 1435 tamen
541 1383 624 1442 est,
657 1384 774 1431 illius
801 1380 961 1431 sonum
989 1379 1138 1441 fuisse,
1173 1385 1348 1444 qualem
1378 1385 1521 1447 Anglo
1547 1386 1733 1429 Saxones
1759 1398 1839 1444 per
1865 1379 1937 1430 hw
1967 1381 2287 1445 exprimebant,
2315 1398 2389 1429 eo-

169 1474 273 1506 rum
291 1473 396 1503 vero
414 1452 604 1517 posteri,
633 1451 842 1501 hodierni
853 1450 1008 1511 Angli,
1043 1467 1124 1512 per
1143 1449 1236 1507 wh3
1272 1453 1385 1499 ratio
1405 1467 1550 1500 autem
1569 1466 1647 1498 cur
1667 1466 1747 1495 nos
1764 1449 1883 1496 hunc
1903 1449 1967 1495 illi
1987 1449 2179 1495 valorem
2198 1446 2384 1509 adsigna-

171 1525 386 1580 verimuS,
417 1521 504 1567 alia
524 1536 615 1567 non
638 1516 716 1574 est,
750 1533 886 1577 quam
906 1532 976 1574 ut,
1012 1517 1119 1562 dum
1141 1517 1295 1564 litteris
1321 1518 1465 1564 latinis
1485 1519 1677 1572 utimur,
1711 1514 1890 1563 cuilibet
1917 1515 2157 1561 evidentius
2183 1514 2391 1562 indicare·

172 1608 295 1647 muS,
328 1590 440 1637 hanc
460 1586 505 1636 &
522 1603 612 1635 non
630 1585 757 1633 aliam
780 1584 971 1630 litteram
992 1581 1097 1643 esse,
1132 1600 1230 1644 quae
1260 1586 1305 1630 in
1325 1584 1467 1634 codice
1493 1594 1702 1649 argenteo
1731 1582 1829 1628 heic
1857 1582 1945 1630 loci
1971 1580 2251 1638 adhibeatur,
2281 1580 2390 1627 dum

173 1658 275 1704 alias
295 1654 365 1706 lzw
383 1654 562 1717 gemino
583 1652 798 1699 elemento
813 1686 824 1707 ,
857 1649 905 1698 h.
931 1666 965 1696 e.
983 1647 1013 1698 Ιι
1033 1667 1073 1694 w
1094 1648 1305 1711 scriptum
1332 1652 1450 1698 credi
1468 1650 1623 1713 poss'et.
1693 1649 1798 1695 Fuit
1826 1663 1972 1695 autem
1999 1648 2114 1704 haec,
2147 1647 2200 1692 de
2220 1663 2306 1705 qua
2327 1647 2392 1693 lo-

178 1725 383 1784 quimur,
411 1721 550 1766 littera
567 1716 774 1765 omnibus
796 1713 886 1763 fere
907 1716 1118 1779 Scytbicae
1138 1719 1322 1777 originis
1344 1717 1546 1778 gentibus
1571 1716 1681 1762 olim
1709 1716 1957 1761 communis
1985 1714 2029 1762 ὅ(
2056 1710 2307 1769 familiariS,
2339 1713 2392 1759 li-

176 1805 243 1836 cet
261 1784 534 1846 Moesogothi
551 1782 630 1831 soli
650 1779 868 1837 formam,
903 1781 968 1826 illi
986 1782 1277 1842 exprimendae
1304 1784 1561 1843 propriam,
1595 1779 1924 1842 usurpaverint,
1957 1780 2000 1826 δε
2019 1778 2157 1826 ῑωξὶιι
2177 1777 2391 1840 temporis

179 1870 271 1902 tam
295 1851 415 1915 apud
442 1852 613 1907 Danos,
659 1864 793 1908 quarn
819 1847 1066 1895 Germanos
1093 1847 1329 1907 Belgasque
1356 1850 1401 1894 in
1429 1845 1756 1895 desuetudinem
1782 1847 1964 1894 venerit.
2033 1845 2193 1894 Tradit
2221 1846 2396 1894 Ericur

183 1920 343 1976 olavi,
374 1914 643 1977 scriptorum
673 1912 929 1960 nostratium
958 1911 1299 1972 antiquiffimus‚
1332 1911 1412 1960 sub
1438 1915 1615 1960 exoticis
1637 1911 1835 1972 regibus,
1865 1910 2175 1968 Schibboleth‚
2209 1927 2298 1971 quo
2319 1929 2395 1973 pe·

179 1987 400 2048 regrinos,
435 1998 569 2043 genus
591 1981 633 2027 ὅ(
652 1980 872 2026 nationem
891 1980 1145 2024 mentientes
1160 2016 1170 2035 ,
1204 1980 1257 2026 ab
1278 1980 1491 2041 indigenis
1511 1977 1816 2041 dignoscebant
1837 1979 1981 2034 Sueci,
2011 1977 2101 2023 haec
2128 1975 2392 2024 constituiss'e
2460 2033 2463 2035 ,

183 2051 315 2099 verba
339 2047 449 2099 Iuvit
468 2045 578 2111 12aest
598 2041 870 2111 ihorngulf,
904 2044 983 2090 ubi
1012 2046 1156 2105 prima
1176 2042 1337 2108 syllaba
1364 2047 1585 2107 praecipue
1610 2046 1721 2107 lapis
1748 2043 1820 2089 ille
1847 2044 2014 2108 Lydius
2042 2057 2154 2101 erat,
2184 2043 2238 2090 ad
2261 2060 2396 2103 quem

181 2133 340 2167 eorum
358 2114 529 2175 loquela
548 2113 818 2173 exigebatur,
853 2107 999 2158 forsan
1019 2113 1148 2158 etiam
1182 2112 1445 2172 penultima:
1481 2127 1673 2158 remanet
1700 2112 1817 2158 enim
1841 2110 2064 2170 hodieque
2098 2111 2142 2155 in
2171 2110 2396 2157 nonnul-lis

181 2185 342 2233 Sueciae
359 2179 559 2244 partibus
578 2177 705 2225 solito
729 2179 866 2238 magis
885 2174 1042 2223 sonora
1060 2177 1101 2224 ἃ
1121 2195 1170 2225 ex
1189 2175 1285 2239 ipso
1308 2194 1482 2239 gutture
1499 2174 1720 2239 protrasta
1737 2174 1783 2215 *ἕ
1809 2176 1830 2225 l
1846 2177 1899 2223 ad
1917 2175 2047 2222 finem
2067 2174 2239 2239 syllabae
2262 2175 2393 2237 pofiti

182 2250 445 2299 enuntiatio:
481 2244 768 2306 Runographi
789 2246 918 2290 etiarn
938 2259 1098 2289 veteres
1117 2244 1282 2302 littera,
1317 2245 1370 2293 de
1391 2263 1477 2305 qua
1494 2242 1637 2291 sermo
1658 2243 1739 2301 est,
1770 2260 1942 2291 caruere
1955 2250 1978 2299 ,⁷
1996 2243 2110 2290 uude
2132 2239 2316 2302 fabium,
2345 2257 2398 2291 ut

182 2332 325 2379 quum
343 2315 462 2362 hunc
481 2310 639 2359 sonum
658 2308 892 2372 expreffuri
911 2325 1051 2364 erant,
1087 2309 1373 2358 diversimode
1391 2310 1430 2357 se
1445 2310 1766 2371 expediverint3
1800 2308 1952 2356 eadem
1979 2310 2097 2353 enim
2117 2325 2223 2364 vox,
2258 2325 2394 2368 quam

183 2385 283 2432 heic
301 2381 576 2441 attingimus,
612 2378 749 2425 modo
774 2374 891 2429 lavit,
927 2377 1062 2422 modo
1084 2372 1199 2432 lzoit,
1236 2377 1375 2424 modo
1393 2380 1487 2439 qvit
1508 2377 1549 2423 ἃ
1564 2378 1621 2443 fit
1639 2374 1805 2436 sculpta
1827 2377 1872 2421 in
1890 2376 2032 2435 cippis
2053 2372 2210 2421 nostris
2232 2375 2395 2420 inveni-

185 2467 276 2498 tur.
345 2446 429 2493 Sed
457 2460 507 2491 ut
530 2462 553 2491 e
582 2442 840 2491 diverticulo
870 2441 924 2488 ad
943 2440 1250 2503 Mcesogothos
1276 2443 1525 2498 redeamu8‚
1558 2459 1661 2490 utor
1690 2440 1988 2489 observatione
2018 2440 2100 2488 Fr.
2120 2437 2284 2506 Junii,
2317 2443 2397 2500 qui

187 2520 234 2563 in
259 2511 490 2578 alphabeto
511 2509 697 2559 Gothico
720 2509 866 2563 docet,
902 2507 1053 2554 litterae
1069 2507 1127 2574 qh
1148 2509 1202 2556 ad
1221 2507 1354 2556 finem
1373 2508 1543 2573 syllaba>
1576 2506 1732 2556 sonum
1758 2508 1968 2554 leniorem
1996 2503 2123 2554 fuisse
2151 2507 2313 2565 videri,
2347 2522 2397 2555 ut

187 2577 380 2646 instquz,
411 2577 545 2634 vidit,
578 2574 698 2636 quod
719 2574 836 2635 apud
855 2572 1006 2635 Anglo
1025 2578 1208 2622 Saxones
1228 2574 1287 2621 est
1302 2573 1482 2643 gesbalz,
1512 2575 1630 2636 apud
1652 2575 1916 2620 Alemannos
1941 2571 2095 2639 gqfizh.

326 2649 366 2692 O
388 2645 594 2705 exprimit
612 2641 748 2688 modo
768 2641 847 2688 Gr.
868 2654 913 2682 θ·
938 2641 1076 2688 modo
1094 2643 1226 2688 etiam
1256 2638 1413 2692 ἆμικςδνε
1440 2659 1524 2703 pro
1552 2656 1740 2700 utroque
1762 2638 2035 2700 Moesogothi
2063 2638 2174 2701 saepe
2200 2657 2257 2689 au
2277 2640 2399 2687 adhi-

189 2716 316 2768 bent,
350 2710 472 2773 quod
492 2725 661 2767 tamen,
696 2707 804 2753 dum
825 2709 935 2752 inter
953 2708 1075 2753 vivos
1094 2705 1235 2754 sermo
1257 2709 1417 2768 viguit,
1449 2707 1767 2766 aliquantulum
1790 2724 1812 2752 a
1833 2707 1971 2767 priori
1995 2704 2227 2754 discretum
2258 2703 2397 2764 fuisse,

192 2778 418 2844 probabile
439 2774 514 2825 est.
583 2778 646 2821 Ex
664 2773 867 2820 derivatis
887 2775 1128 2828 cernimus,
1163 2773 1272 2820 illud
1294 2771 1408 2829 fere,
1444 2775 1626 2834 perinde
1654 2790 1702 2820 ac
1730 2790 1791 2821 au
1817 2773 2118 2828 Islandorum,
2150 2772 2351 2819 Suctbico
2373 2782 2397 2820 ὅ

195 2844 479 2906 aequipollens
500 2839 649 2888 fuisse:
685 2841 742 2886 ita
760 2854 898 2904 augo,
933 2838 1060 2902 anfi,
1094 2841 1262 2898 aulum,
1294 2839 1582 2911 aurtigards,
1598 2836 1793 2903 agnoscis
1812 2841 1857 2885 in
1877 2848 1987 2907 oga,
2019 2841 2185 2893 oculuS,
2205 2847 2306 2897 bra,
2327 2857 2400 2887 au-

196 2914 279 2970 ris,
309 2907 414 2966 bke,
446 2925 625 2971 augere,
659 2905 898 2972 brtegcird,
929 2905 1097 2953 hortus.

2134 2971 2174 3034 §.
2204 2974 2402 3024 xxvm.
2461 2956 2464 2957 ⁷
