2473 3380
181 166 275 223 146
392 153 710 209 DISSERT.
744 154 849 205 DE
885 149 1309 205 ORIGINIBUS
1336 152 1397 200 L.
1432 145 1716 217 LATINAE
1746 149 1855 201 ET
1878 146 2165 206 GRAECAE,

178 274 286 323 seles
304 268 447 322 Ῑ..’ὼ.1.
460 287 556 332 cap.
571 285 612 317 2.
650 265 1004 319 Rhetoricorum,
1028 262 1167 315 docet,
1191 263 1343 321 τιίμως,
1374 258 1609 308 secundum
1628 262 2036 323 veteremloquendi
2060 258 2246 306 modum
2262 255 2390 322 (nara-'⁸

122 335 130 339 “
172 345 240 390 -nin
272 344 433 398 oe'gxaec‘aeu
467 338 665 397 γλῶτταν)
694 337 932 381 terminum
962 326 1192 375 denotasse.
1262 330 1477 389 Qaenam
1505 344 1607 376 vero
1636 325 1769 375 fuerit
1795 332 1971 389 antiqua
1990 328 2061 374 illa
2082 329 2252 387 lingua,
2287 327 2388 372 inde

180 403 294 451 mihi
314 401 515 462 colligere
535 398 656 461 posse
673 402 847 453 videor,
881 395 1001 454 quod
1022 396 1207 442 candem
1225 410 1379 440 vocem
1402 390 1530 455 prisci
1553 395 1707 451 Gothi,
1737 413 1814 443 nec
1832 414 1920 442 non
1941 395 2120 448 Islandi,
2154 392 2274 438 nullo
2299 393 2387 439 alio

181 488 284 518 cum
303 465 574 520 discrimine,
603 482 735 522 quam
756 463 877 523 quod
896 461 1098 508 ultimam
1117 463 1303 507 litteram
1326 464 1593 522 exprimant,
1622 477 1753 520 quam
1780 459 1990 508 facilioris
2012 460 2392 523 pronunciationis

182 554 287 599 ergo
311 531 564 594 compendii
584 527 723 578 fecere
745 530 909 576 Graeci:
947 545 1027 574 nos
1049 531 1165 575 enim
1187 528 1447 584 terminum,
1483 528 1668 573 limitem
1691 525 1901 577 talemark
1927 528 2248 590 appellavimus
2270 524 2392 582 olim,

130 653 132 655 ,
180 602 348 657 ataka,
366 601 586 658 attingere,
621 594 829 653 &mm-k,
864 593 1042 651 moerke,
1078 596 1217 651 limeS,
1252 610 1370 654 nota,
1404 594 1505 640 alias
1527 610 1687 647 moere,
1723 594 1836 640 unde
1853 595 2145 644 landamaere‚
2182 592 2226 638 id
2252 593 2394 656 Leges

190 661 492 733 Wstrogotlz.
520 661 679 715 leiuv.
702 667 745 710 B.
770 681 807 711 c.
829 678 841 708 ι
855 677 902 719 9.
944 660 1336 725 Warderfangin
1357 666 1493 709 innan
1513 659 1910 717 takma’rkioennoe,
1926 661 1975 725 fi
1992 656 2282 722 deprehensus
2303 657 2392 705 fue·

181 738 239 781 rit
257 737 368 779 intra
385 730 577 791 regionis
596 731 774 779 limites·
796 729 916 778 Bibl.
937 729 1015 776 Isl.
1037 745 1064 776 2
1079 728 1305 774 Macchab.
1332 744 1375 776 1.
1407 726 1663 791 Grodmstt
1693 724 1772 774 thu
1792 725 1993 789 tlzitfolk
2021 727 2084 774 ad
2110 740 2199 787 nya
2223 726 2243 772 z·
2262 723 2391 773 thina

182 795 599 867 helguithakmark‚
634 798 782 857 planta
803 798 963 842 iterum
997 794 1222 857 populum
1250 809 1377 840 tuum
1397 793 1441 841 ih
1461 794 1621 841 finibus
1643 796 1728 839 tuis
1750 791 1916 839 sanffis.
1986 793 2122 854 Apud
2143 791 2396 841 Homerum

184 872 346 918 senuerit:
369 864 571 919 occurrit,
601 863 721 924 quod
742 860 934 918 illaesum,
969 870 1137 920 α’βλειμῆ,
1174 862 1511 922 interpretantur
1531 859 1780 928 Hesychius
1799 861 2015 920 ceterique
2036 856 2280 923 Scholiastae
2297 875 2397 905 om-

182 948 277 982 nes.
312 925 579 994 Ezfiatlzius
597 947 700 977 vero
723 930 775 975 de
793 930 874 975 hac
893 945 999 974 voce
1026 925 1234 983 observat,
1270 944 1363 973 eam
1386 930 1429 973 in
1454 930 1651 974 oratione
1671 924 1863 988 prosaica
1886 943 1976 971 non
1994 941 2233 980 occurrere,
2266 924 2397 970 illius·

184 1016 271 1060 que
291 1013 472 1061 etymon
490 1011 603 1043 extra
622 997 801 1043 Graeciae
821 994 926 1040 fines
949 993 1244 1053 quaerendum,
1266 1001 1309 1040 τέ
1325 1004 1385 1045 τῖς
1401 1004 1520 1052 λέξεως
1542 994 1669 1051 ’ἔτυμον
1688 1001 1851 1052 ζητητέον
1870 999 2042 1049 imag&
2079 989 2273 1036 Ubinam
2293 1004 2396 1036 vero

185 1063 262 1111 nifi
285 1063 402 1125 apud
423 1062 612 1124 Scythas,
648 1064 692 1108 in
714 1078 908 1121 quorum
931 1062 1078 1118 lingua
1095 1060 1226 1120 pleno
1248 1055 1327 1105 usu
1351 1058 1522 1119 viguit?
1562 1058 1698 1118 Ulph.
1708 1051 1957 1118 skatlziun,
1989 1054 2292 1121 gqskatlzian,
2327 1057 2400 1102 lae-

185 1131 301 1178 dere.
338 1125 564 1188 Anglosax.
577 1127 993 1190 stathan.steatmz,
1014 1125 1080 1172 Al„
1085 1123 1277 1187 scadan.
1311 1124 1385 1171 Isl.
1408 1125 1449 1170 δε
1469 1119 1775 1186 8ηεῑ.]“κααά,
1810 1125 1881 1168 cui
1901 1122 1930 1168 si
1948 1150 1972 1171 ω
2004 1125 2267 1182 privativum
2292 1138 2396 1184 prae-

184 1195 354 1257 figatur,
384 1191 528 1239 existet
558 1199 741 1249 domest,
769 1191 891 1251 quod
910 1189 968 1236 est
987 1189 1246 1235 Suethicum
1265 1185 1447 1251 oskadd.
1497 1187 1806 1235 Demonstratu
1829 1189 1945 1234 idem
1965 1185 2089 1235 facile
2108 1182 2222 1234 foret
2243 1190 2294 1235 de
2316 1187 2402 1235 sex·

184 1263 318 1308 centis
347 1260 469 1312 aliis,
505 1273 599 1316 quae
626 1256 743 1316 apud
769 1251 1037 1323 Heffyclzium
1065 1256 1106 1301 <St
1127 1255 1344 1311 Suia'am,
1380 1254 1433 1300 ab
1462 1252 1544 1299 usu
1571 1256 1799 1300 communi
1819 1253 2119 1310 abhorrentia,
2154 1255 2195 1301 ἃ
2214 1252 2398 1302 fortassis

183 1325 389 1382 obsoleta,
419 1321 689 1378 adferuntur,
719 1340 900 1383 quaeque
920 1322 995 1370 fibi
1018 1321 1098 1369 suo
1120 1325 1213 1368 iure
1231 1319 1372 1367 asserit
1392 1321 1582 1369 Gothus.
1612 1337 1650 1368 e0
1671 1336 1737 1380 gr.
1759 1323 1875 1380 ἔμω,
1900 1320 2072 1376 habere,
2093 1330 2228 1383 βλώος,
2250 1339 2398 1380 crectis,

183 1408 325 1458 κωύκ,
359 1408 538 1453 porcus,
572 1396 710 1450 κέκκος,
743 1391 897 1452 gallus,
932 1403 1062 1448 κυνεῖν,
1098 1389 1360 1448 intelligere,
1394 1403 1489 1446 quae
1510 1403 1640 1432 nemo
1661 1403 1748 1431 non
1769 1384 1961 1447 agnoscit
1979 1385 2059 1432 effe
2080 1388 2269 1435 Gothica
2291 1385 2401 1451 haf-

184 1479 269 1518 wa,
297 1458 438 1514 blind,
470 1461 591 1520 gris,
625 1456 838 1524 kyckling
860 1457 902 1502 ὅ(
923 1456 1085 1510 kanna,
1121 1471 1314 1514 quorum
1336 1454 1546 1499 ultimum
1566 1453 1686 1512 apud
1711 1450 1970 1517 Ulplzilam,
2000 1452 2117 1510 scire,
2143 1453 2400 1516 cognoscere

184 1542 328 1584 notat,
361 1522 668 1586 significatione
696 1520 811 1569 forte
840 1524 1008 1582 prima,
1042 1523 1081 1569 ἃ
1107 1538 1130 1566 a
1151 1537 1238 1579 qua
1257 1532 1406 1567 ceterae
1426 1533 1762 1580 promanarunt.
1797 1516 1930 1566 Conf.
1959 1519 2068 1583 Upl.
2088 1520 2148 1568 L.
2181 1521 2324 1570 Kirk.
2347 1525 2399 1570 Β.

184 1611 283 1656 cap,
309 1607 382 1655 13.
452 1588 716 1636 Uberiorem
735 1583 943 1636 similium
964 1586 1319 1635 observationum
1334 1587 1511 1645 ,copiam
1529 1583 1802 1641 haberemus,
1822 1583 1852 1631 fi
1872 1601 2046 1645 tempus
2067 1586 2168 1632 edax
2189 1587 2316 1634 nobis
2335 1605 2401 1634 re-

182 1658 369 1720 liquisset
389 1657 513 1703 illum
538 1656 786 1723 Aristotelis
805 1653 1050 1712 traiiatum,
1084 1655 1156 1700 cui
1183 1652 1362 1699 titulum
1382 1649 1485 1698 fecit
1505 1649 1704 1699 Nomina
1723 1649 1966 1699 barbarica
1986 1652 2138 1713 (aspum
2163 1656 2234 1700 alii
2258 1654 2401 1714 legen-

187 1727 297 1774 dum
318 1719 509 1784 volunt,)
539 1724 751 1781 cuiusque
770 1724 1039 1767 mentionem
1062 1720 1199 1765 iniicit
1221 1718 1403 1774 Varro,
1438 1732 1511 1764 aut
1537 1718 1666 1763 etiam
1696 1715 1913 1765 Dorotlm
1945 1717 2106 1765 librum
2130 1729 2283 1782 πεςὶτόν
2302 1730 2400 1778 ξένος

191 1800 362 1855 εὶςημίηη
381 1798 514 1846 aiem,
549 1786 602 1832 de
621 1805 712 1847 quo
734 1788 778 1831 in
800 1786 1066 1832 Bibliotheca
1086 1784 1160 1831 sua
1179 1781 1386 1841 Photius,
1416 1800 1608 1842 quorum
1630 1799 1775 1828 tamen
1795 1798 1978 1844 uterque
1996 1787 2138 1846 periit,

392 1856 435 1898 Si
458 1870 554 1899 vera
575 1851 673 1898 sunt
692 1853 777 1907 illa,
814 1869 909 1911 quae
932 1850 1139 1898 hafflenus
1158 1869 1208 1896 ex
1226 1848 1512 1910 scriptoribus
1533 1849 1696 1894 Graecis
1715 1849 1858 1905 attuli,
1891 1866 2008 1910 patet
2027 1854 2195 1911 utique,
2229 1848 2400 1898 sorores

188 1936 416 1985 germanas
437 1917 518 1964 esse
539 1918 732 1979 linguam
756 1919 952 1964 Graecam
972 1918 1014 1963 ὅ(
1034 1916 1286 1972 Gothicam,
1310 1931 1437 1974 atque
1458 1914 1566 1960 adeo
1590 1915 1662 1960 illa
1680 1911 1804 1959 fuiffe
1825 1931 2045 1977 tempora,
2079 1934 2219 1977 quum
2239 1919 2284 1962 in
2310 1933 2398 1962 me·

190 1989 263 2036 dia
289 1985 473 2032 Hellade
500 1985 869 2046 Scythogothicus
898 1982 1040 2029 sermo
1069 1984 1271 2044 viguerit.
1354 1984 1464 2027 Non
1495 1982 1699 2041 ignotum
1728 1980 1772 2026 id
1800 1977 1926 2027 fuisse
1954 1983 2196 2030 maioribus
2226 1980 2398 2040 nostris,

189 2052 410 2102 concludo
440 2069 489 2097 ex
518 2053 762 2097 narratione
792 2051 944 2096 veteris
971 2048 1166 2096 historici
1195 2046 1393 2095 nostratis
1425 2046 1477 2094 de
1503 2048 1760 2096 Inventione
1790 2046 1948 2096 Gothl.
1979 2065 2023 2108 p.
2051 2065 2112 2098 m.
2132 2058 2216 2111 48.
2243 2047 2320 2101 ubi
2345 2049 2398 2094 de

189 2116 595 2182 expedientionibus
622 2133 819 2163 veterum
840 2116 1098 2161 Gothorum
1125 2117 1171 2161 in
1191 2115 1404 2161 Graeciam
1426 2111 1640 2170 disserens,
1675 2113 1766 2158 baec
1790 2114 1901 2161 inter
1918 2114 1998 2161 alia
2016 2115 2168 2168 habet:
2203 2117 2264 2165 So
2283 2116 2398 2180 byg-

189 2185 295 2235 thus
320 2183 450 2232 tlzair
484 2182 595 2231 thar
613 2184 728 2246 ,firir
753 2198 801 2229 oc
820 2197 901 2228 enn
921 2180 1115 2246 byggia,
1150 2197 1198 2229 oe
1214 2197 1264 2229 en
1283 2178 1398 2243 hasa
1421 2179 1678 2243 thairsitmt
1697 2177 1899 2240 aswaru
1920 2183 2028 2229 malz·
2055 2183 2085 2230 i.
2107 2200 2146 2229 e.
2168 2181 2316 2228 Postea
2336 2182 2400 2227 ibi

188 2252 303 2299 sedes
325 2249 521 2302 fixerunt,
541 2249 583 2289 ὅτ
599 2248 738 2291 adhuc
758 2246 968 2303 habitant,
987 2247 1210 2307 hodieque
1229 2247 1434 2292 nonnihil
1455 2245 1587 2293 nostri
1609 2245 1820 2292 sermonis
1839 2248 2011 2296 habent.
2067 2247 2141 2294 Est
2160 2250 2246 2296 hoc
2263 2247 2399 2306 idem,

187 2316 312 2375 quod
331 2314 529 2360 observat
547 2306 799 2379 Rhytlzmus
825 2312 877 2358 de
895 2316 934 2359 S.
955 2313 1137 2361 Annona
1156 2314 1273 2373 apud
1295 2310 1569 2361 schilterum
1591 2330 1683 2374 cap.
1702 2313 1792 2363 XX„

455 2378 579 2426 Man
599 2379 734 2444 fizgil
765 2379 854 2426 daz
894 2376 1031 2425 darz‘n
1065 2376 1223 2426 hulvin
1256 2377 1367 2427 noch
1394 2379 1465 2443 fin

453 2444 550 2494 Die
582 2443 662 2493 dir
694 2442 937 2506 Diufsclzin
952 2441 1192 2508 sprechin.

722 2528 752 2557 1·
786 2527 826 2558 eo

449 2578 610 2623 Fertur
643 2577 689 2621 in
723 2576 810 2621 illis
844 2574 1099 2636 regionibus
1133 2575 1354 2636 hodieque
1388 2574 1484 2625 esse.

208 2702 210 2704 V
452 2643 546 2705 Qi
579 2643 840 2689 Germanice
874 2642 1123 2701 loquantur.

187 2708 342 2771 inis
368 2723 496 2764 vero,
538 2709 608 2754 vel
635 2726 707 2754 me
734 2725 823 2754 non
852 2723 1079 2760 monente,
1115 2705 1241 2754 facile
1270 2707 1547 2766 iudicaverit,
1583 2725 1675 2769 quo
1703 2709 1880 2772 longius
1905 2710 2116 2774 regressus
2143 2708 2297 2768 fuerit,
2338 2731 2392 2762 eo

185 2775 497 2821 evidentiorem
523 2774 633 2821 hanc
659 2773 909 2821 affinitatem
937 2772 1129 2834 conspici
1157 2773 1326 2821 debere⁴
1398 2776 1622 2836 Linguam*
1635 2776 1797 2824 codicis
1822 2781 2011 2841 argentei
2036 2777 2144 2826 semi
2160 2780 2391 2829 —Graecam

186 2834 284 2896 esse,
318 2856 405 2885 non
426 2841 648 2888 immerito
664 2841 826 2905 judicat
854 2841 935 2888 Fr.
960 2838 1150 2904 Jum'un
1218 2842 1386 2901 Lingua
1406 2841 1612 2889 Islandica
1631 2843 1672 2889 ὃ(
1701 2843 1907 2892 vetustior
1923 2846 2227 2908 Suiogothica,
2246 2847 2390 2894 multo

183 2907 316 2955 etiam
333 2907 569 2967 propiores
589 2905 687 2957 sunt
704 2908 759 2955 ad
779 2905 988 2955 sermonis
1007 2908 1149 2955 Graeci
1168 2905 1386 2966 indolem,
1420 2925 1656 2970 quan-equa
1674 2909 1809 2958 hodie
1826 2914 2006 2960 utimur.
2073 2911 2167 2971 Sic,
2191 2927 2240 2959 ut
2256 2915 2388 2960 unico

2246 2996 2386 3027 exem·

288 2499 305 2520 δ
