2473 3380
549 87 919 142 SPECHWEN
951 89 1328 142 GLOSSARII
1360 90 1772 144 ULPHILANL
2174 106 2266 158 283

109 202 244 268 faltli
273 202 520 264 multiplex,
566 198 830 266 Fidmfalth
864 205 1186 266 quadruplum,
1233 198 1727 268 Tailzuntaihundsaltlz
1760 206 2038 268 centuplum,
2075 225 2171 269 quae
2201 227 2271 257 oc-

116 286 292 318 current
311 267 396 315 suis
416 270 540 316 locis.

50 333 475 401 Ainqltarjammelz,
504 335 700 397 singuiis,
738 335 1020 397 quibuslibet.
1078 339 1279 385 Dicimus
1301 337 1522 397 hodieque
1541 333 1724 400 hwarje,
1758 337 1826 388 Isl.
1848 336 2055 397 einlwor,
2089 341 2156 387 vel
2183 344 2266 390 ein-

55 408 63 411 *
117 404 236 452 lever.
273 399 610 468 Einhverndag
631 420 893 462 quocunque
914 404 1005 460 die,
1041 405 1106 451 vel
1127 406 1257 450 etiam
1276 405 1426 463 aliquo
1447 405 1528 454 die,
1565 419 1606 450 v.
1629 403 1806 455 V'erelii
1825 404 1965 453 index.

46 467 273 526 Ainolzmz,
306 486 577 534 quenquam,
612 470 818 528 aliquem.
851 474 902 519 A.
924 468 966 517 S.
995 475 1118 535 anfg.
1148 470 1216 516 Al.
1248 474 1438 534 einiger.
1475 471 1631 517 Germ.
1661 475 1793 535 einig.
1837 472 2089 518 Svethicum
2117 475 2266 539 ndgon

112 537 199 583 hue
215 534 315 581 suos
335 533 495 581 referre
517 536 672 581 natales
693 535 886 590 videtur,
923 534 1005 581 five
1023 552 1051 583 n
1074 536 1236 581 initiale
1261 538 1473 596 pertineat
1491 535 1543 581 ad
1564 534 1701 596 ipsam
1723 554 1890 593 vocem,
1921 536 2002 584 five
2021 539 2133 584 ut'in
2154 541 2263 599 aliis,

111 604 496 664 AngioSaxonum
519 618 666 657 more,
702 603 975 661 negationem
996 599 1165 648 inferat.
1236 605 1444 646 Ceterum
1475 600 1715 650 observabit
1734 603 1891 650 harum
1915 604 2156 651 litterarum
2177 605 2262 653 stu-

110 668 280 725 diosus,
317 665 408 717 lzzm
430 668 611 715 vocibus
633 665 967 727 Moesogothicis
988 669 1167 729 perinde
1187 666 1304 724 addi,
1330 684 1378 712 ac
1398 668 1638 714 latinorum
1657 685 1789 733 quam
1810 670 1877 715 vel
1897 685 2060 736 cunque
2081 673 2124 717 in
2146 675 2264 732 quis-

111 753 265 795 quam,
302 737 573 795 quicunque,
605 749 653 780 ut
672 727 923 789 mannhun,
964 737 1225 794 quisquam,
1260 731 1561 790 ηἰηιαηηΙιιιη,
1598 751 1752 792 nemo,
1787 734 2016 795 hvanlzun,
2050 755 2263 798 unquam.

46 819 273 879 Aimlzun,
307 823 567 882 quisquam,
602 823 729 868 vertit
750 816 1113 869 Stiernlzielmius
1134 836 1285 875 nemo,
1323 818 1395 867 sed
1419 820 1537 866 hunc
1566 819 1850 881 fignificatum
1882 824 2086 883 demum,
2121 826 2268 876 addita

112 890 192 936 alia
212 890 426 950 particula
446 890 660 947 negativa,
696 889 866 948 accipit,
925 889 1169 934 Praecedens
1191 883 1386 934 ainohun
1405 887 1539 932 huius
1559 886 1823 934 accusativus
1852 888 1968 935 casus
1992 889 2062 938 est.

42 959 149 1013 Air,
186 973 325 1005 mane.
384 956 465 1002 Gr.
485 959 524 1016 ,ξς
540 954 813 1010 dilucuium,
848 955 1115 1000 matutinum
1137 967 1335 1012 tempus.
1395 952 1654 1013 Anglo-Sax.
1672 970 1741 1002 oer
1761 953 1819 999 est
1838 970 1958 1011 ante,
1991 958 2129 1016 prius,
2166 963 2262 1006 No-

110 1023 175 1069 bis
196 1038 253 1069 ar
274 1038 398 1067 mane
418 1036 562 1075 notat,
598 1020 712 1065 unde
733 1020 839 1067 arla
858 1021 918 1068 id.
976 1022 1097 1066 Hinc
1120 1017 1342 1066 arildstia'
1358 1036 1440 1081 pro
1463 1034 1662 1079 tempore
1681 1022 1888 1066 anteriori
1910 1021 1973 1066 vel
1993 1021 2171 1081 vetusto,
2191 1027 2262 1071 ad-

110 1090 202 1136 dito
222 1088 318 1143 old,
354 1087 437 1134 ald
454 1102 566 1135 zetas·
637 1086 760 1132 Edda
782 1088 828 1132 in
848 1084 1041 1149 Voluspa
1067 1102 1110 1149 3.
1138 1091 1206 1133 Ar
1236 1100 1338 1135 mar
1357 1084 1508 1143 auda,
1544 1086 1722 1134 initium
1750 1102 1841 1134 erat
1859 1082 2125 1139 seculorum.
2192 1091 2262 1139 Ab

107 1155 193 1202 hoc
215 1171 318 1201 vero
337 1156 412 1201 air
437 1168 756 1215 promanarunt

171 1225 381 1269 Airizam
410 1219 726 1276 anterioribus,
758 1220 961 1280 antiquis.

176 1286 403 1353 Airistlzau
423 1287 635 1343 anterius,
670 1286 798 1334 olim.

43 1372 229 1433 Amba,
264 1392 392 1423 terra.
430 1373 685 1434 Anglo-Sax,
706 1371 840 1431 eard,
872 1371 993 1424 eora'.
1030 1372 1241 1430 ALerda,
1261 1368 1419 1423 herda.
1452 1372 1605 1420 Germ.
1627 1372 1768 1421 Erde.
1805 1372 2101 1434 Angheartlz.
2138 1376 2257 1439 Belg.

106 1443 243 1492 nard.
278 1442 426 1488 Nobis
440 1439 560 1502 jord.
595 1442 694 1486 Vox
705 1439 795 1485 haec
814 1439 866 1486 ab
886 1439 985 1502 ipsis
997 1443 1164 1501 generis
1175 1441 1358 1486 humani
1380 1437 1651 1485 incunabulis
1672 1437 1875 1500 usurpata
1895 1441 2080 1491 videtur.
2115 1442 2259 1490 Ebraei

106 1512 225 1556 enim
246 1526 327 1576 γῆς(
350 1525 446 1554 erez
475 1507 640 1558 dicunt,
676 1506 833 1553 Chald.
855 1521 964 1554 &mx
991 1523 1096 1555 arta.
1132 1509 1233 1571 Syri
1261 1519 1380 1555 arto.
1422 1507 1503 1552 Gr.
1537 1514 1612 1566 ἕξω,
1676 1508 1965 1567 Explicationi
1993 1507 2083 1554 haec
2108 1506 2258 1556 servie-

105 1578 194 1623 rint
216 1574 457 1621 verborum
485 1575 656 1630 Taciti,
691 1573 743 1618 de
761 1571 964 1619 moribus
984 1574 1141 1623 Germ.
1172 1592 1206 1623 c.
1232 1588 1309 1631 39.
1368 1574 1426 1622 In
1454 1587 1678 1621 commune
1695 1570 1948 1632 Hertlzam,
1984 1573 2036 1622 id
2052 1578 2131 1640 qst,
2161 1588 2259 1626 ter-

107 1659 210 1692 ram
229 1653 419 1690 matrem
440 1641 599 1689 colunt.
656 1636 748 1686 Cfr.
774 1634 1053 1691 Waclzterus
1071 1642 1113 1686 in
1133 1658 1175 1688 v.
1195 1639 1344 1689 Erde.

41 1712 210 1771 Airus,
240 1709 420 1770 legatio,
456 1708 656 1762 nuntius,
688 1705 806 1751 unde
834 1709 997 1754 airum
1021 1709 1221 1763 nunti03‚
1257 1709 1410 1753 airum
1440 1704 1620 1753 nuntiis.
1656 1702 1855 1753 Gothice
1887 1721 1997 1765 ara,
2032 1709 2147 1754 unde
2167 1710 2258 1759 Ko-

107 1792 256 1842 nngs
274 1791 373 1824 ara.
407 1777 541 1833 Legg.
562 1770 687 1821 Hels.
708 1775 821 1831 Kbon.
835 1776 883 1820 Β.
906 1790 942 1822 c.
964 1776 1008 1819 6.
1033 1775 1069 1831 ᾗ.
1092 1788 1142 1833 4.
1163 1773 1204 1819 ἃ
1223 1789 1257 1822 c.
1285 1786 1353 1820 10>
1375 1768 1526 1816 missus
1547 1771 1691 1831 regius
1706 1808 1716 1827 ‚
1751 1786 1801 1816 ut
1821 1771 1931 1818 olim
1950 1772 2023 1820 lat.
2039 1773 2163 1820 Barb.
2181 1793 2255 1837 ap-

109 1843 368 1907 pellabatur.
438 1841 528 1898 Sic,
557 1838 634 1884 ubi
663 1840 708 1884 in
731 1835 900 1900 scriptis
920 1839 1141 1884 Islandicis
1169 1841 1421 1885 nominatur
1439 1840 1649 1898 Konungs
1673 1841 1930 1895 Armadur,
1965 1838 2083 1886 idem
2112 1856 2257 1902 notat3

109 1910 180 1959 etfi
197 1927 287 1956 non
308 1911 527 1970 ignorem,
559 1906 618 1956 V
610 1906 794 1953 erelium
816 1907 1088 1966 interpretari
1109 1903 1368 1966 praefthum
1389 1920 1580 1949 annonae.
1602 1920 1641 1953 v.
1664 1919 1810 1953 annot.
1833 1904 1887 1950 ad
1915 1901 2077 1966 fragm.
2097 1907 2257 1955 oddo-

37 1996 44 2002 ·
109 1979 173 2026 nis
208 1974 484 2022 monachide
514 1972 657 2022 Olavo
683 1972 1036 2038 Tvygguafhnio.
1071 1971 1303 2018 Veteribus
1324 1970 1556 2016 Germanis
1576 1972 1849 2018 Arimannos
1865 1971 2107 2030 appellatos
2127 1969 2256 2020 fuisse

108 2045 280 2091 dientes
300 2055 573 2102 magnatum,
609 2039 734 2085 docet
756 2039 1008 2088 Schilzerus
1035 2039 1078 2083 in
1100 2036 1234 2088 Gloss.
1254 2036 1331 2083 sno
1352 2054 1395 2098 p.
1417 2043 1494 2097 63.
1528 2032 1599 2081 sed
1618 2036 1693 2094 qui
1714 2051 1858 2082 tamen
1879 2037 1933 2082 ab
1952 2040 2038 2085 Ari
2055 2038 2120 2083 vel
2137 2039 2257 2097 Ero,

109 2113 195 2158 hoc
220 2107 279 2155 est
305 2107 499 2163 honore,
535 2122 608 2152 eos
639 2103 779 2152 distos
807 2102 933 2151 fuisse
960 2119 1100 2166 putat.
1171 2104 1427 2164 Anglo-Sax.
1450 2099 1655 2167 Arthegn
1685 2117 1773 2149 erat
1799 2101 1942 2148 servus
1966 2103 2255 2158 honorabilis.

108 2179 295 2228 AErnan
317 2189 503 2222 currere.
540 2171 685 2220 Alem.
707 2173 833 2221 Eren
854 2172 1083 2232 negotium
1101 2166 1317 2231 expedire.
1334 2186 1376 2217 v.
1404 2164 1692 2219 Waclzterus.
1758 2168 1987 2215 Habemus
2006 2186 2085 2215 nos
2105 2171 2256 2220 hodie-

114 2262 198 2306 que
218 2239 419 2291 AE'rende
444 2240 694 2301 negotium,
731 2240 950 2293 nuntium,
967 2242 1018 2283 A.
1040 2240 1080 2285 S.
1097 2235 1292 2287 AErencz‘.
1328 2235 1526 2283 Aleman.
1547 2237 1729 2284 Artemi.
1759 2231 1871 2284 cfr,
1895 2235 2091 2300 Hickcssi
2110 2236 2255 2285 disser-

110 2313 216 2359 tatio
238 2306 503 2370 epistolaris,
537 2323 584 2367 p.
605 2321 650 2356 2.
687 2300 904 2353 Sclu'lteri
924 2302 1104 2350 Gloffar.
1125 2303 1156 2351 1.
1177 2320 1211 2351 c.
1235 2303 1276 2349 ἃ
1296 2320 1341 2363 p.
1362 2309 1475 2361 267.
1512 2298 1774 2349 Paltlzent'us
1797 2301 1849 2347 ad
1871 2300 2117 2366 lfidorum,
2152 2321 2189 2357 c,
2214 2321 2256 2366 ς,

109 2394 158 2440 7.
215 2380 337 2422 Paene
362 2373 522 2420 oblitus
545 2389 663 2419 eram
700 2366 853 2428 dicere,
882 2371 1075 2432 legatum
1095 2368 1380 2417 Fennonibus
1403 2368 1489 2414 dici
1510 2367 1669 2416 Airuel
1685 2368 1932 2431 v.1exJusl.

46 2466 260 2528 Airzjan‚
294 2463 339 2508 in
368 2477 559 2507 errorem
590 2459 806 2521 pellicere.
878 2457 1239 2508 Stiernlzielmius
1264 2470 1412 2504 ortum
1442 2454 1578 2501 credit
1607 2472 1632 2500 a
1660 2456 1815 2501 GraeCO
1841 2455 1986 2516 ligem.
2041 2456 2253 2505 Mihiflli·

113 2530 290 2594 quando
316 2530 360 2573 in
383 2542 573 2573 mentem
600 2527 737 2582 venit,
770 2521 1026 2572 affinitatem
1054 2527 1204 2586 potius
1231 2522 1420 2588 prodere
1448 2519 1683 2581 obsoletam
1703 2537 1855 2568 vocem
1883 2532 2014 2583 α’ςτέω,
2049 2521 2103 2569 de
2129 2526 2252 2571 cuius

112 2595 233 2646 sensu
251 2592 424 2641 testatur
442 2603 629 2655 ᾰμσιςτέω,
663 2592 704 2638 ὃ(
729 2592 830 2638 inde
863 2590 1070 2652 superstes
1099 2602 1294 2652 ,ἐμωςτοένω
1315 2589 1489 2637 aberro.
1558 2586 1831 2634 Confirmare
1856 2586 1966 2633 hanc
1991 2590 2253 2649 opinionem

109 2664 302 2718 videtur,
336 2659 456 2718 quod
474 2659 615 2705 Gothi
639 2675 726 2704 non
746 2655 928 2719 airzian
948 2657 1115 2718 solum,
1148 2655 1219 2703 sed
1249 2657 1291 2703 ἃ
1316 2658 1525 2705 marzian
1554 2654 1719 2712 dicant,
1754 2653 1875 2714 quod
1905 2653 2002 2700 vide
2031 2652 2109 2702 suo
2135 2655 2252 2707 loco.

104 2732 337 2781 Habemus
355 2727 457 2771 hinc

174 2792 444 2853 Airzjmds,
478 2790 702 2854 deceptor.

175 2855 414 2917 Airzitlza,
445 2874 584 2909 error.
619 2861 816 2911 Fennon,
838 2854 1009 2924 erbetys
1029 2857 1094 2906 vel
1119 2871 1242 2921 ereys
1261 2854 1322 2903 id.

285 2922 327 2948 ¹*
1186 2926 1237 2968 N
1255 2940 1283 2967 n
1323 2938 1350 2968 α.
2094 2923 2248 2990 Aistan
