2473 3380
158 172 2351 234 ω

252 367 710 440 EPISTOLAE
766 365 1028 434 PAULI
1083 365 1210 434 AD
1258 362 1719 433 ROMANOS.
1761 364 1946 436 CAP.
1977 368 2090 437 XI.
2126 367 2267 438 XII.

162 655 201 690 v.
219 651 292 700 33.
319 619 443 758 Jah
498 630 715 694 witubnjis
769 633 819 691 a)
872 631 1000 693 goths
1054 630 1221 691 qhaiwa

422 696 718 758 unusspilloda
743 695 790 758 b)
818 697 907 745 find
928 697 1069 745 stauos
1096 700 1131 744 is
1147 698 1246 760 jah·

161 766 451 818 unbilaistidai
479 766 618 826 wigos
651 766 704 813 is.

234 849 306 894 34.
339 833 458 895 Qas
500 829 585 878 auk
622 828 849 878 ufkuntha
890 827 1023 878 frathi
1065 828 1221 890 fanins,

161 902 357 951 aiththau
393 900 498 957 qhas
533 900 667 943 imma
694 899 881 958 ragineis
910 900 953 958 c)
989 916 1086 946 ναις.

159 1033 189 1085 f
230 984 307 1031 ³⁵·
342 964 563 1076 ΑῩἭἚ
582 961 1131 1076 ffliifflffissafmmw
1161 962 1220 1026 a>

236 1062 252 1071 ·
307 1061 321 1069 -
405 1050 424 1075 a
504 1049 525 1076 r
937 1066 950 1080 .

231 1106 308 1163 36.
341 1050 446 1143 Ulle
467 1114 518 1143 us
547 1048 680 1142 igmma
708 1095 781 1157 jah
803 1097 947 1142 thairh
974 1097 1047 1143 ina
1072 1097 1145 1159 jah
1177 1099 1221 1143 in

158 1167 299 1218 imma
318 1163 396 1211 alla
418 1162 593 1210 immuh
624 1161 810 1208 wulthus
831 1162 889 1208 du
910 1164 1049 1209 aivam
1079 1180 1222 1212 amen.

1298 642 1433 689 v.33.
1552 640 1574 675 t
1604 627 1810 694 stientiae
1845 631 1961 690 Dei,
1996 647 2131 698 quam
2169 636 2355 681 inenar-

1586 695 1757 744 rabilia
1792 694 1898 758 sunt
1939 702 2106 749 iudicia
2143 703 2261 756 eius,
2296 695 2356 746 &

1298 778 1384 812 non
1410 760 1702 827 adfiquendae
1723 766 1809 812 via>
1835 769 1956 813 eim!

1371 844 1450 892 34.
1505 830 1622 894 Quis
1672 832 1788 877 enim
1839 835 2041 896 cognovit
2089 831 2354 881 intelleflum

1299 896 1514 952 Domini,
1548 907 1628 944 aut
1655 900 1755 962 quis
1777 900 1817 945 ei
1836 899 2118 959 consiliarius
2135 896 2267 961 ficit?

1367 977 1446 1025 35.
1483 962 1579 1011 Aut
1607 969 1706 1029 quis
1735 966 1776 1011 ei
1796 969 1933 1029 prius
1961 964 2105 1023 dedit,
2140 966 2190 1016 δ’
2213 966 2355 1013 retri-

1297 1028 1470 1079 buatur
1514 1029 1601 1078 illi.
2308 1038 2311 1039 ’

1367 1102 1443 1158 36.
1481 1096 1707 1162 Quoniam
1721 1111 1779 1143 ex
1803 1095 1898 1152 illo,
1918 1094 1977 1144 89³
1992 1113 2079 1161 per
2097 1096 2288 1148 illum&
2306 1101 2354 1147 in

1299 1164 1380 1212 illo
1400 1167 1574 1212 omnia:
1608 1163 1681 1211 illi
1695 1163 1850 1228 gloria
1872 1162 2095 1228 insecuta.
2142 1164 2305 1215 Amen.

1118 1276 1243 1335 cAP,
1277 1277 1377 1324 ΧΠ.

230 1383 270 1417 1.
303 1343 438 1428 Bidja
467 1380 528 1410 nu
554 1362 671 1409 izwis
699 1359 923 1424 brotbrjus
944 1360 1089 1407 thairh
1114 1361 1218 1408 blei-

159 1435 282 1482 thein
324 1436 374 1494 e)
427 1431 557 1492 goths
598 1428 778 1489 usgiban
820 1427 932 1474 leika
961 1422 1021 1490 f)
1065 1429 1219 1474 izwara

158 1500 260 1548 saud
275 1501 330 1566 g)
350 1500 554 1558 qwiwana
574 1495 767 1541 weihana
786 1494 903 1540 waila
925 1493 1218 1554 galeikaidana

160 1567 295 1630 gotha
322 1563 637 1620 andathahtana
664 1559 722 1624 b)
757 1560 881 1609 bloti.
933 1559 1052 1607 naffu
1078 1561 1120 1621 i)
1155 1563 1213 1606 iz-

155 1650 340 1682 warana.

224 1715 267 1749 2.
298 1700 365 1744 Ni
384 1697 451 1758 gal
473 1692 629 1743 eikoth
654 1695 771 1741 izwis
792 1695 985 1741 thamma
1004 1696 1109 1741 aivva
1132 1724 1145 1733 -
1166 1725 1181 1733 -
1199 1724 1215 1733 -

155 1765 285 1813 thana
313 1763 514 1826 niujithai
539 1762 587 1821 k)
623 1757 863 1823 framathjis
891 1761 931 1824 l)
960 1763 1126 1807 izwaris
1156 1762 1215 1808 du

157 1828 367 1893 gakiusan
396 1829 462 1890 m)
514 1829 600 1888 qha
641 1826 727 1887 sijai
765 1829 874 1890 wilja
914 1828 1044 1889 goths
1081 1830 1214 1875 thatei

155 1898 263 1961 goth
283 1897 354 1960 jah
376 1894 608 1956 galeikaizh
633 1894 706 1956 jah
728 1892 948 1940 ustauhan.

227 1980 270 2023 3.
306 1963 479 2027 Qvitha
507 1960 596 2006 auk
627 1960 772 2006 thairh
799 1958 888 2006 anst
920 1960 1050 2021 goths
1079 1959 1134 2007 sei
1156 1961 1220 2022 gi-

158 2030 269 2079 bana
301 2029 350 2075 ist
377 2031 459 2075 mis
489 2027 633 2074 allaim
668 2023 895 2073 wisandam
927 2029 972 2072 in
1013 2029 1132 2073 izwis
1169 2030 1215 2073 ni

157 2098 266 2144 mais
286 2092 468 2158 frathjan
489 2094 593 2140 thau
620 2090 744 2138 skuli
772 2090 978 2156 frathjan,
1007 2093 1062 2139 ak
1084 2090 1215 2140 frath-

153 2165 223 2226 jan
255 2163 314 2208 du
343 2156 647 2223 wailafrathjan
685 2159 988 2222 qharjammeh
1025 2157 1107 2207 swa
1132 2158 1214 2207 swe

156 2229 262 2291 goth
283 2228 499 2289 gadailida
522 2225 677 2271 mitath
704 2225 1012 2286 galaubeinais.

221 2310 269 2357 4.
305 2291 468 2340 Swasve
503 2292 654 2338 raihtis
688 2291 743 2355 ²¹⁴)
773 2293 817 2337 iu
848 2295 1067 2339 ainamma
1101 2293 1215 2340 leika

152 2362 317 2408 lithuns
362 2375 593 2420 managans
634 2357 818 2415 habam,
873 2359 1119 2405 thaiththan
1153 2362 1215 2421 n)

155 2428 304 2490 lithjUs
330 2426 420 2473 allai
445 2428 487 2470 ni
508 2425 623 2471 thata
650 2422 768 2469 samo
794 2426 885 2469 taui
913 2425 956 2482 ο)
991 2425 1183 2472 haband.

226 2509 268 2554 ς,
302 2499 392 2539 Swa
411 2492 608 2551 managai
627 2492 696 2535 ain
720 2488 806 2534 leik
816 2489 937 2552 sijum
961 2491 1005 2535 in
1025 2489 1211 2536 christau

154 2561 332 2608 atbthan
366 2556 673 2620 ainqharjizuh
709 2555 871 2602 anthat.

224 2641 300 2687 17,
333 2629 382 2671 In
409 2622 692 2680 andwairthia
715 2624 768 2686 p)
803 2621 955 2683 goths‚
987 2620 1043 2669 ak
1067 2622 1140 2686 jah
1165 2624 1210 2668 in

157 2691 431 2754 andwairthja
466 2706 621 2735 manne
649 2688 811 2737 allaize.

226 2767 301 2813 18.
335 2758 457 2819 Jabai
495 2757 612 2817 magi
632 2755 840 2801 wairthan
875 2772 926 2801 us
947 2757 1065 2802 izwis
1095 2755 1210 2802 mith

156 2823 299 2871 allaim
330 2839 532 2868 mannam
557 2821 780 2883 gawairthi
809 2824 863 2887 q)
885 2822 1145 2873 habandans.

235 2901 308 2946 19.
342 2889 409 2932 Ni
449 2890 568 2935 izwis
609 2887 762 2935 silbans
800 2888 1112 2949 gawrisandans
1150 2887 1230 2951 r).

159 2954 327 3005 liubans
355 2951 410 2999 ak
442 2952 582 3015 gibith
610 2952 719 3004 stath
744 2957 866 3004 twair
892 2954 915 2979 ⁴*
948 2954 973 2978 ²*
1009 2954 1034 2978 ⁴*
1052 2954 1100 3020 s)
1142 2973 1211 3020 ga-

1367 1377 1410 1412 1.
1446 1340 1507 1404 R
1508 1377 1589 1428 ogo
1616 1376 1725 1428 ergo
1752 1378 1850 1420 vos,
1878 1358 2087 1425 fratres,
2118 1379 2206 1430 per
2234 1361 2354 1428 mifi-

1296 1430 1544 1477 ricordiam
1576 1425 1692 1484 Dei,
1737 1426 2175 1496 exhibere‘corpora
2210 1435 2355 1495 vestra

1295 1494 1479 1559 hostiam
1498 1497 1670 1549 vivam,
1708 1491 1925 1556 landam,
1953 1495 2204 1561 placentem
2229 1499 2352 1554 Dee.

1288 1562 1607 1630 corfideratum
1639 1561 1807 1611 cultum
1827 1565 2033 1628 vestrum.

1361 1709 1405 1747 2.
1437 1696 1515 1747 Ne
1542 1696 1780 1763 affimiletis
1802 1693 2065 1758 vosstculo,
2100 1722 2126 1733 -
2154 1722 2179 1735 -
2213 1723 2237 1733 -
2271 1714 2354 1747 no-

1292 1767 1430 1812 vitate
1445 1761 1603 1828 stnstts
1630 1765 1782 1828 vqstri,
1823 1762 2213 1826 adprobandum,
2243 1764 2357 1830 quid

1275 1832 1344 1897 fit
1374 1833 1579 1878 voluntas
1620 1831 1734 1885 Dei,
1776 1829 1896 1893 quod
1931 1828 2090 1878 bonum
2120 1828 2179 1878 ΕΤ
2199 1833 2352 1896 placi·

1293 1909 1388 1945 tum
1411 1898 1458 1947 Εἴ
1485 1893 1746 1961 persenam.

1365 1979 1406 2026 3.
1444 1965 1561 2012 Dico
1594 1957 1708 2010 ene-'in
1740 1977 1824 2025 per
1854 1964 2061 2026 gratiam
2099 1962 2214 2020 Dei,
2250 1979 2352 2029 quoe

1291 2029 1402 2080 data
1430 2033 1484 2095 esl
1513 2026 1646 2085 mihi,
1690 2027 1891 2078 omnibus
1917 2027 2203 2093 existentibus
2231 2036 2352 2080 inter

1293 2114 1384 2155 vos,
1426 2113 1510 2145 non
1537 2096 1869 2162 magisfirpere,
1904 2111 2039 2160 quam
2059 2108 2263 2162 oporteat
2266 2094 2353 2163 fit·-

1285 2181 1417 2230 pere,
1433 2160 1715 2227 stdsbpere‚
1749 2162 1814 2208 ad
1837 2163 1937 2210 bene
1956 2160 2141 2228 stzpere,
2176 2167 2349 2214 unicui-

1290 2231 1490 2297 questcut
1512 2230 1641 2279 Deus
1659 2232 1862 2291 partitus
1883 2232 1937 2295 est
1956 2227 2348 2297 mensuramfidet‘.

1358 2312 1392 2358 4
1435 2298 1565 2345 Sicut
1593 2299 1708 2343 enim
1736 2298 1782 2342 in
1813 2311 1899 2342 uno
1926 2311 2114 2360 corpore
2145 2297 2348 2346 membra

1291 2365 1434 2412 multa
1475 2360 1705 2417 habemus,
1753 2360 1953 2408 neembra
2002 2372 2150 2410 autem
2194 2366 2345 2414 omnia

1289 2430 1469 2478 eandem
1504 2433 1712 2476 astionem
1738 2441 1824 2473 non
1854 2425 2040 2487 habent3

1358 2510 1397 2555 5.
1444 2495 1518 2542 Ita
1561 2494 1692 2541 multi
1737 2508 1872 2540 unum
1910 2508 2072 2560 corpus
2097 2492 2265 2559 sumus
2297 2499 2344 2545 in

1289 2557 1484 2623 Christo,
1500 2560 1678 2625 singuli
1707 2570 1852 2606 autem
1877 2561 2009 2608 alter.

1365 2641 1437 2687 17.
1478 2627 1645 2678 Coram
1676 2626 1794 2683 Deo,
1814 2622 1904 2691 fid
1924 2630 2059 2676 etiam
2085 2643 2238 2679 coram
2265 2625 2343 2678 Ιισ-

1287 2694 1482 2743 minibus
1522 2690 1735 2742 omnibus.

1364 2769 1438 2816 18.
1481 2761 1536 2810 Si
1548 2761 1661 2826 fieri
1689 2761 1847 2825 potest.
1889 2759 2010 2826 quod
2029 2777 2090 2810 ex
2116 2759 2242 2810 vobis
2273 2764 2342 2829 ψ,

1286 2842 1384 2877 cum
1405 2826 1604 2877 omnibus
1630 2824 1879 2875 hominibus
1898 2843 2055 2893 pacem
2083 2825 2241 2876 habent
2285 2846 2291 2852 ·

1360 2909 1437 2954 19.
1474 2895 1582 2944 Non
1607 2891 1912 2961 vosmetipfhs
1938 2892 2231 2952 vindicantes,
2266 2899 2342 2945 az·-

1287 2959 1405 3022 lec'li,
1422 2957 1513 3026 sed
1537 2959 1638 3010 date
1665 2960 1807 3011 locum
1835 2962 1935 3011 iroe.

2182 3028 2339 3076 melith
