2473 3380
173 157 270 205 114
803 137 1738 195 ΑΝΝοΤΑΤιοΝΕε.

172 271 272 301 raro
301 266 548 306 occurrere,
582 246 651 295 sed
679 265 903 309 nunquam
935 248 1009 295 nifi
1036 248 1090 295 ab
1117 250 1245 294 initio
1279 248 1459 312 syllabae.
1487 249 1566 314 ³⁸)
1604 256 1668 300 Ut
1699 269 1843 301 autem
1877 271 1960 316 ego
1992 256 2036 301 in
2061 253 2357 316 posteriorem,

171 319 424 365 sententiam
453 314 672 363 transirem
687 351 699 374 ‚
734 316 934 376 inprimis
956 312 1096 360 effecit
1118 313 1430 375 parallelismus
1450 317 1607 378 linguae
1632 337 1802 382 graecae,
1836 321 1911 367 ubi
1933 326 2023 374 ἕως
2043 322 2092 366 ad
2114 324 2356 371 Gothicum

169 386 230 445 il,
267 384 412 431 demta
441 384 767 436 terminatione,
802 396 944 440 prope
974 380 1158 427 accedit:
1193 380 1372 442 adiungi
1399 398 1609 443 poterunt
1635 396 1723 443 ἕλοι,
1759 388 1880 445 quod
1901 386 2104 451 Hcsschiv
2135 387 2254 446 teste,
2290 398 2352 440 η’,

172 458 218 498 ⁷3
240 456 320 500 ἤλίε
338 456 449 504 ,ιμ’γῆν
476 449 669 502 denotat,
703 463 779 491 nec
807 462 894 490 non
917 453 1011 494 ὄλείω
1032 445 1073 492 ὅτ
1094 456 1190 506 gam,
1223 464 1247 493 a
1266 447 1426 508 quibus
1454 450 1731 511 imperatoris
1759 453 1971 514 Elagabali
2001 470 2162 499 nomen
2184 454 2356 510 deduci,

170 513 348 562 constat.
391 514 455 563 Cl‚
478 531 581 559 vero
602 512 847 560 Knittelius
875 510 928 558 ab
958 526 1142 572 utraque
1162 515 1371 575 opinione
1399 516 1583 573 recedit,
1617 514 1840 578 solemque
1858 520 2047 566 Gothice
2059 518 2189 582 fizuzl
2212 519 2358 582 appel-

169 580 308 628 latum
338 577 483 633 fuisse,
520 580 740 638 opinatur.
811 580 923 624 Non
952 575 1169 639 diffiteor,
1203 597 1274 627 me
1303 579 1358 628 ab
1389 582 1538 628 eadem
1567 583 1647 629 hac
1676 584 1867 631 multum
1894 603 1983 631 non
2003 585 2254 640 abhorrere,
2287 584 2357 631 sed

170 647 228 692 ob
249 647 434 691 rationes
457 644 582 706 plane
601 644 724 701 alias,
760 660 892 705 quam
924 661 1030 704 quas
1058 645 1130 691 ille
1159 647 1351 697 adduxit.
1420 649 1554 713 Qod
1582 650 1700 694 enim
1727 651 1779 695 ad
1798 648 2047 697 consensum
2068 652 2172 713 ling.
2192 652 2356 697 Celticae

169 712 234 770 vel
255 714 492 757 Armoricae
513 712 684 767 attinet,
717 707 806 757 scio
826 711 1050 770 equidem,
1087 711 1370 762 Pezronium.
1386 713 1564 772 docere,
1597 717 1640 760 in
1661 716 1811 762 eadem
1824 715 1926 780 fid,
1961 714 2062 763 solis
2089 733 2252 763 nomen
2277 717 2358 764 ali-

168 777 342 836 quando
365 773 504 833 fuisse,
538 776 582 822 id
606 777 729 836 quod
746 776 845 822 inde
863 774 1107 838 confirmat,
1140 779 1262 840 quod
1283 779 1342 826 ibi
1360 780 1451 826 dies
1470 779 1586 839 solis,
1619 779 1740 844 dficl
1755 798 2046 843 nuncupetur.
2117 783 2198 829 Sed
2219 797 2363 842 quum

165 841 285 904 apud
314 843 492 889 eosdem
523 844 787 890 Armoricos
815 843 925 889 illud
954 843 1074 891 orbis
1102 845 1250 892 lumen
1278 846 1412 907 vulgo
1440 845 1538 896 lzeol
1581 848 1747 904 audiat,
1783 849 1825 896 δι
1853 849 1970 911 apud
2001 849 2214 896 Cambros
2241 845 2363 904 haul,

162 906 291 956 facile
310 907 481 971 assurgo
505 909 567 957 D.
590 911 729 958 Louis
752 909 805 957 de
827 907 1061 964 pelletier,
1099 914 1175 972 qui
1196 914 1240 958 in
1266 909 1490 977 leegllzuro
1518 914 1565 961 L.
1592 915 1773 965 Veteris
1796 917 2103 971 Britannicae,
2136 931 2221 976 pag
2251 922 2361 973 850,

162 974 395 1031 existimat,
428 991 477 1022 ut
504 991 641 1023 cetera
666 975 836 1022 dierum
862 975 1137 1035 hebdomatis
1176 981 1356 1025 nomina
1389 977 1613 1027 manifeste
1641 981 1771 1028 latina
1803 980 1922 1037 sunt,
1955 983 2012 1028 ita
2042 983 2171 1027 etiam
2200 981 2284 1026 hoc
2312 996 2362 1025 ex

162 1036 319 1088 eodem
345 1038 469 1087 fonte
500 1041 792 1098 promanasse,
827 1058 955 1101 atque
984 1044 1093 1089 adeo
1126 1047 1411 1106 peregrinum
1439 1045 1535 1096 effe.
1615 1047 1816 1095 Alteram
1848 1051 2065 1094 rationem
2099 1048 2197 1093 inde
2236 1047 2360 1107 petit,

162 1107 285 1167 quod
317 1109 361 1153 in
387 1106 584 1173 Ulphila
608 1108 773 1173 illustr.
799 1125 841 1168 p.
866 1122 945 1156 20.
979 1108 1180 1168 profiteri
1207 1129 1288 1157 nos
1317 1114 1454 1165 dicat,
1490 1114 1720 1160 articulum
1750 1112 2077 1175 praepositivum
2090 1110 2153 1176 sa
2181 1115 2250 1161 vel
2261 1110 2357 1176 sttlz

159 1176 300 1232 rarius
329 1190 570 1225 oceurrere,
638 1174 719 1219 Sed
738 1172 766 1219 si
786 1173 887 1219 alias
916 1172 1026 1235 saejpe
1048 1172 1216 1222 fallimr
1245 1177 1385 1224 bonus
1405 1177 1674 1234 Knittelius,
1707 1181 1804 1226 heic
1826 1197 1926 1226 eum
1949 1177 2096 1226 fallere
2117 1179 2248 1236 velle,
2284 1195 2361 1239 pa·

159 1256 262 1285 rum
289 1237 423 1296 abest,
457 1242 563 1300 quin
587 1241 888 1300 pronuntiem.
948 1236 1069 1302 'Qiae
1098 1240 1158 1286 ibi
1187 1258 1424 1289 occurrunt
1449 1244 1598 1301 verba,
1633 1245 1725 1292 haec
1745 1244 1869 1292 sunt:
1919 1247 2044 1301 Sau,
2079 1261 2200 1309 aeque
2231 1259 2284 1292 ac
2296 1241 2360 1307 st!

159 1301 341 1368 &filu
378 1307 434 1373 gs}
451 1307 675 1354 articulus
692 1304 1031 1370 proepqfitivus,
1065 1308 1232 1373 etianfi
1248 1313 1410 1358 rarius
1427 1321 1652 1361 occurrat.
1722 1314 1836 1373 Quis
1861 1329 1964 1359 vero
1992 1329 2080 1358 non
2101 1312 2231 1367 videt,
2260 1310 2360 1357 heic

157 1371 245 1418 loci
270 1371 404 1428 tradi,
433 1368 517 1433 fiiu
543 1373 683 1419 rarius
719 1371 980 1420 occurrere?
1028 1372 1155 1432 quod
1181 1374 1296 1420 idem
1324 1375 1376 1421 de
1397 1375 1587 1436 reliquis
1618 1376 1784 1431 dicere,
1818 1379 1912 1424 eius
1939 1376 2073 1424 solius
2105 1374 2243 1436 foret,
2279 1377 2360 1436 qui

157 1437 322 1483 nullam
352 1438 515 1484 codicis
542 1439 731 1499 argentei
760 1455 836 1485 nec
860 1435 1208 1499 fragmentorum
1230 1441 1515 1488 Paulinorum
1543 1446 1750 1505 paginam
1779 1444 2024 1505 perlegerit.
2093 1445 2136 1490 Si
2162 1443 2258 1503 quis
2280 1441 2360 1488 du-

154 1502 285 1560 bitet,
331 1505 500 1551 evolvat
527 1507 665 1554 Lucoe
694 1505 847 1565 capitis
884 1519 935 1559 15
971 1502 1142 1552 versum
1169 1521 1257 1568 39,
1291 1507 1369 1553 ubi
1405 1523 1556 1568 quater
1587 1510 1820 1559 invenitur.
1896 1513 1971 1556 Ne
2011 1526 2116 1557 vero
2147 1510 2360 1555 iniuriam

158 1564 309 1618 critico
347 1569 495 1618 nostro
529 1567 670 1618 facere
704 1570 878 1628 videar,
911 1588 964 1617 en
993 1569 1217 1632 ipsiusmet
1244 1572 1402 1620 verba!
1460 1572 1562 1640 Ipse
1595 1576 1801 1642 denique,
1835 1577 2003 1637 inquit,
2037 1573 2360 1642 Hyperboreas

155 1640 340 1685 criticus
354 1634 560 1701 fatetur,
595 1643 758 1686 rarius
778 1635 952 1687 Gothos
971 1636 1142 1701 verteffi
1161 1639 1191 1697 ὅ,
1227 1641 1276 1690 &²
1301 1642 1520 1708 rariffime
1554 1643 1654 1702 (vel
1664 1678 1673 1699 ‚
1692 1644 1742 1709 fi
1756 1642 1876 1708 quod
1892 1658 1964 1691 res
1983 1645 2037 1706 est
2055 1642 2218 1698 dicam,
2239 1657 2358 1690 nun-

156 1703 320 1767 quam)
353 1719 439 1766 per
451 1702 562 1767 stru.
629 1701 814 1764 Ignosco
842 1701 967 1750 facile
1003 1705 1239 1752 reverendo
1267 1706 1512 1769 Knittelto,
1545 1708 1575 1756 fi
1604 1710 1648 1755 in
1685 1726 1865 1770 campo,
1899 1708 1976 1755 ubi
2005 1707 2164 1771 hospes
2192 1707 2274 1763 est,
2310 1709 2358 1756 in

157 1768 278 1834 devia
299 1766 424 1815 facile
445 1769 592 1817 abeatz
626 1768 697 1816 sed
717 1785 946 1829 antequam
967 1784 1110 1816 tamen
1132 1775 1291 1818 erroris
1313 1773 1422 1820 alios
1449 1791 1622 1836 arguat,
1663 1773 1902 1838 Ulphilam
1923 1792 1946 1820 a
1966 1776 2104 1837 capite
2122 1774 2176 1820 ad
2194 1775 2355 1821 calcem

153 1834 377 1895 perlegere
407 1834 636 1893 debuisset,
669 1838 856 1889 veritus,
890 1853 965 1893 ne,
998 1835 1028 1882 si
1048 1833 1202 1883 falsum
1223 1836 1444 1898 proferat,
1479 1842 1572 1887 aliis
1592 1840 1835 1888 ludibrium
1855 1841 2019 1889 debeat.
2077 1844 2222 1886 Immo
2250 1857 2356 1887 vero

154 1914 317 1946 temere
345 1901 430 1947 hoc
455 1919 502 1948 ac
528 1900 626 1963 ipso
654 1902 876 1963 prolatum
904 1900 1006 1957 effe,
1038 1901 1147 1966 &fit
1165 1921 1268 1950 cum
1288 1922 1316 1953 u
1343 1903 1459 1952 finali
1490 1924 1738 1964 occurrere,
1770 1924 1858 1952 non
1884 1921 2052 1953 tantum
2077 1906 2130 1953 ab
2151 1905 2355 1972 Htckesso

155 1963 431 2014 observatum
460 1969 652 2014 invenire
681 1967 908 2029 potuisset,
943 1967 1013 2014 sed
1040 1969 1215 2016 duobus
1244 1973 1288 2016 in
1310 1972 1506 2019 medium
1535 1974 1715 2034 prol-atis
1735 1973 1941 2035 exemplis
1960 1973 2199 2034 probatum
2221 1990 2244 2018 a
2265 1990 2354 2020 rev.

152 2032 386 2087 Beuum,
420 2034 546 2087 loco,
580 2051 712 2095 quem
737 2033 882 2100 Ulplz.
903 2034 1060 2098 ilhfir.
1093 2036 1251 2085 laudat.
1318 2041 1386 2083 En
1407 2056 1511 2088 vero
1538 2038 1646 2101 ipsa.
1675 2040 1777 2103 joh.
1798 2054 1843 2097 9,
1875 2055 1919 2089 1.
1944 2039 2032 2104 Jc'zu
2063 2042 2111 2104 1st
2121 2036 2185 2102 Jc'z
2202 2037 2356 2102 sunus

154 2102 321 2155 izwar,
355 2100 428 2146 ille
462 2099 520 2146 est
546 2098 659 2148 filius
686 2099 832 2151 vester.
901 2103 1071 2147 Eodem
1099 2104 1258 2164 capite,
1292 2121 1335 2153 v.
1359 2117 1387 2153 2
1421 2103 1516 2168 sm
1547 2105 1656 2155 thau
1674 2103 1867 2169 fadrein
1887 2110 1946 2153 is:
1984 2106 2058 2152 ille
2078 2123 2131 2152 an
2152 2120 2353 2166 parentes

155 2167 271 2222 eiUS,
305 2167 361 2212 ita
403 2168 520 2212 enim
555 2169 600 2212 in
642 2165 788 2214 codice
823 2170 1025 2226 argenteo
1066 2169 1170 2229 legi,
1208 2170 1484 2217 obiervatum
1516 2171 1574 2218 est
1604 2191 1627 2219 a
1656 2175 1746 2219 iam
1773 2172 1911 2218 modo
1948 2171 2123 2218 laudato
2152 2168 2353 2221 Praesule.

152 2232 319 2277 Verum
346 2233 524 2290 quidem
548 2232 626 2290 est,
648 2233 738 2298 fizu
764 2234 996 2292 utrobique
1024 2236 1266 2294 exprimere
1295 2253 1482 2296 graecum
1514 2245 1646 2296 ωέτές,
1685 2236 1756 2284 sed
1786 2240 1913 2284 etiam
1943 2237 2054 2284 hanc
2080 2236 2351 2298 significatio-

152 2314 254 2344 nem
275 2299 317 2343 in
339 2296 394 2359 fit
414 2295 557 2361 &fizlz
586 2301 795 2355 inveniri,
831 2314 993 2346 norunt
1020 2317 1188 2349 omneS.
1224 2319 1265 2350 v.
1286 2301 1426 2365 Junii
1446 2301 1742 2364 quffarium.
1811 2303 1894 2349 Sed
1921 2304 2018 2349 haec
2046 2303 2145 2349 licet
2173 2305 2231 2349 ita
2258 2302 2351 2362 sint,

153 2364 262 2424 quid
297 2365 408 2410 mihi
435 2362 696 2427 scrupulum¹
726 2367 941 2422 iniecerit,
977 2366 1155 2412 candide
1185 2367 1443 2427 profitebor.
1537 2368 1628 2414 Ubi
1655 2372 1795 2416 Marc.
1830 2382 1912 2427 13,
1948 2382 2026 2427 24.
2055 2368 2179 2429 lego,
2215 2369 2355 2419 Sauit

150 2428 418 2494 requizeitlz,
439 2428 527 2494 jah
550 2447 677 2479 mena
696 2435 744 2479 ni
758 2429 909 2496 gibith
930 2429 1111 2492 liuhada
1128 2429 1251 2494 stin,
1284 2431 1363 2489 jah
1372 2437 1608 2500 stairnons
1635 2433 1821 2481 lziminis
1847 2432 2116 2482 wairtlzand
2138 2433 2347 2499 drizfizn·

151 2495 290 2546 deins.
327 2498 354 2543 i.
380 2514 418 2544 e.
454 2497 527 2544 Sol
557 2495 882 2550 obscurabitur,
916 2496 956 2543 ἃ
984 2496 1086 2541 luna
1115 2514 1203 2542 non
1234 2498 1353 2545 dabit
1385 2501 1532 2545 lumen
1562 2497 1713 2556 suum,
1749 2500 1791 2545 ὅτ
1818 2499 1943 2546 stellae
1972 2516 2099 2546 erunt
2126 2501 2346 2562 deciduae3

149 2562 300 2618 video,
345 2568 390 2609 in
423 2564 573 2610 eadem
599 2564 808 2610 orationis
841 2560 947 2607 serie
975 2562 1121 2608 lunam
1149 2561 1367 2622 stellasque
1394 2565 1578 2611 artieulo
1607 2565 1944 2613 demonstrativo
1973 2584 2136 2613 carere:
2180 2569 2344 2615 mirum

152 2629 296 2688 itaque
323 2630 460 2676 videri
489 2631 672 2691 poterit,
707 2627 737 2675 fi
765 2627 844 2675 soli
868 2629 902 2674 is
922 2630 998 2674 uni
1027 2626 1254 2675 adiunfilus
1282 2627 1410 2676 foret..
1484 2634 1648 2689 Porro,
1682 2633 1788 2678 dum
1821 2633 2004 2679 alterum
2026 2632 2175 2680 locum
2196 2651 2286 2695 cap.
2305 2649 2344 2691 1,

156 2707 234 2754 32.
264 2694 500 2763 gastnggqv
512 2694 667 2760 struit,
703 2695 918 2742 occiderat
937 2692 1024 2749 sol,
1053 2692 1233 2741 confero
1252 2713 1355 2742 curo
1374 2697 1472 2743 loco
1494 2698 1700 2758 parallelo
1722 2701 1830 2748 Luc.
1851 2713 1905 2760 4,
1941 2714 2026 2761 40.
2061 2699 2173 2747 mich
2192 2697 2346 2750 thanei

151 2755 260 2807 tlum
283 2761 665 2829 gasbgqvfimm,
698 2761 851 2818 video,
885 2760 957 2806 hic
978 2776 1156 2821 quoque
1183 2761 1320 2809 abesse
1347 2765 1605 2822 articulum,
1636 2766 1816 2828 perinde
1835 2782 1883 2813 ac
1903 2764 1932 2813 fi
1951 2766 2172 2813 noluerint
2188 2765 2343 2822 Gothi,

2199 2832 2342 2894 digito

208 2959 253 3012 *)
283 2959 494 3001 Geminum
521 2962 562 3002 id
583 2974 703 3014 genus
723 2964 736 3003 i
753 2962 915 3003 occurrit
936 2962 978 3002 in
994 2973 1071 3003 una
1090 2973 1182 3004 voce
1204 2960 1336 3015 Efiaiin.
1359 2962 1480 3009 Marc.
1494 2975 1506 3003 1
1522 2991 1534 3013 ,
1562 2977 1601 3008 2.
