<?xml version="1.0" encoding="UTF-8"?>
<!DOCTYPE html PUBLIC "-//W3C//DTD XHTML 1.0 Transitional//EN"
    "http://www.w3.org/TR/xhtml1/DTD/xhtml1-transitional.dtd">
<html xmlns="http://www.w3.org/1999/xhtml" xml:lang="en" lang="en">
 <head>
  <title>
</title>
<meta http-equiv="Content-Type" content="text/html;charset=utf-8" />
  <meta name='ocr-system' content='tesseract 3.04.00' />
  <meta name='ocr-capabilities' content='ocr_page ocr_carea ocr_par ocr_line ocrx_word'/>
</head>
<body>
  <div class='ocr_page' id='page_1' title='image "./johannisabihresc00ihre_0047.png"; bbox 0 0 2473 3380; ppageno 0'>
   <div class='ocr_carea' id='block_1_1' title="bbox 1036 99 2300 176">
    <p class='ocr_par' dir='ltr' id='par_1_1' title="bbox 1036 99 2300 176">
     <span class='ocr_line' id='line_1_1' title="bbox 1036 99 2300 176; baseline 0 -26"><span class='ocrx_word' id='word_1_1' title='bbox 1036 99 1339 154; x_wconf 84' lang='lat' dir='ltr'><em>LUCAE</em></span> <span class='ocrx_word' id='word_1_2' title='bbox 1438 101 1480 151; x_wconf 71' lang='lat' dir='ltr'>z</span> <span class='ocrx_word' id='word_1_3' title='bbox 2237 122 2300 176; x_wconf 53' lang='lat' dir='ltr'><strong><em>w</em></strong></span> 
     </span>
    </p>
   </div>
   <div class='ocr_carea' id='block_1_2' title="bbox 108 205 2296 403">
    <p class='ocr_par' dir='ltr' id='par_1_2' title="bbox 108 205 2296 403">
     <span class='ocr_line' id='line_1_2' title="bbox 108 205 2296 278; baseline 0.005 -19"><span class='ocrx_word' id='word_1_4' title='bbox 108 221 185 259; x_wconf 75' lang='lat'>11.</span> <span class='ocrx_word' id='word_1_5' title='bbox 208 205 295 270; x_wconf 82' lang='lat' dir='ltr'>jah</span> <span class='ocrx_word' id='word_1_6' title='bbox 322 209 383 255; x_wconf 88' lang='lat' dir='ltr'>eis</span> <span class='ocrx_word' id='word_1_7' title='bbox 414 205 726 272; x_wconf 76' lang='lat' dir='ltr'>hausjandans</span> <span class='ocrx_word' id='word_1_8' title='bbox 752 205 806 273; x_wconf 78' lang='lat' dir='ltr'>h)</span> <span class='ocrx_word' id='word_1_9' title='bbox 841 208 974 257; x_wconf 77' lang='lat' dir='ltr'>thatei</span> <span class='ocrx_word' id='word_1_10' title='bbox 1005 210 1162 262; x_wconf 82' lang='lat' dir='ltr'>libaith</span> <span class='ocrx_word' id='word_1_11' title='bbox 1242 226 1322 262; x_wconf 64' lang='lat'>11,</span> <span class='ocrx_word' id='word_1_12' title='bbox 1357 213 1413 259; x_wconf 88' lang='lat' dir='ltr'>Et</span> <span class='ocrx_word' id='word_1_13' title='bbox 1439 210 1503 260; x_wconf 90' lang='lat' dir='ltr'>illi</span> <span class='ocrx_word' id='word_1_14' title='bbox 1530 210 1776 271; x_wconf 85' lang='lat' dir='ltr'>audientes,</span> <span class='ocrx_word' id='word_1_15' title='bbox 1810 214 1931 276; x_wconf 89' lang='lat' dir='ltr'>quod</span> <span class='ocrx_word' id='word_1_16' title='bbox 1950 213 2141 278; x_wconf 52' lang='lat' dir='ltr'>Viveret,</span> <span class='ocrx_word' id='word_1_17' title='bbox 2173 217 2296 271; x_wconf 76' lang='lat' dir='ltr'>&amp;vi-</span> 
     </span>
     <span class='ocr_line' id='line_1_3' title="bbox 169 272 1957 340; baseline 0.006 -21"><span class='ocrx_word' id='word_1_18' title='bbox 169 274 240 336; x_wconf 83' lang='lat' dir='ltr'>jah</span> <span class='ocrx_word' id='word_1_19' title='bbox 264 272 540 340; x_wconf 79' lang='lat' dir='ltr'>gasaiqlzans</span> <span class='ocrx_word' id='word_1_20' title='bbox 559 275 595 335; x_wconf 72' lang='grc' dir='ltr'>τ’)</span> <span class='ocrx_word' id='word_1_21' title='bbox 622 276 758 322; x_wconf 67' lang='grc' dir='ltr'>ψει-ὼ</span> <span class='ocrx_word' id='word_1_22' title='bbox 786 273 903 325; x_wconf 85' lang='lat' dir='ltr'>fram</span> <span class='ocrx_word' id='word_1_23' title='bbox 930 279 1026 326; x_wconf 85' lang='lat' dir='ltr'>izai.</span> <span class='ocrx_word' id='word_1_24' title='bbox 1305 276 1374 324; x_wconf 90' lang='lat' dir='ltr'>sus</span> <span class='ocrx_word' id='word_1_25' title='bbox 1403 277 1502 325; x_wconf 80' lang='lat' dir='ltr'>ess&#39;et</span> <span class='ocrx_word' id='word_1_26' title='bbox 1532 279 1586 326; x_wconf 87' lang='lat' dir='ltr'>ab</span> <span class='ocrx_word' id='word_1_27' title='bbox 1605 279 1692 328; x_wconf 77' lang='lat' dir='ltr'>illa.</span> <span class='ocrx_word' id='word_1_28' title='bbox 1954 275 1957 279; x_wconf 49' lang='grc'>’</span> 
     </span>
     <span class='ocr_line' id='line_1_4' title="bbox 109 339 1998 403; baseline 0.003 -13"><span class='ocrx_word' id='word_1_29' title='bbox 109 352 182 392; x_wconf 80' lang='lat'>12.</span> <span class='ocrx_word' id='word_1_30' title='bbox 216 339 309 390; x_wconf 87' lang='lat' dir='ltr'>afar</span> <span class='ocrx_word' id='word_1_31' title='bbox 337 339 508 393; x_wconf 77' lang='lat' dir='ltr'>ulnlzan</span> <span class='ocrx_word' id='word_1_32' title='bbox 527 340 576 403; x_wconf 86' lang='lat' dir='ltr'>k)</span> <span class='ocrx_word' id='word_1_33' title='bbox 609 341 727 388; x_wconf 86' lang='lat' dir='ltr'>thata</span> <span class='ocrx_word' id='word_1_34' title='bbox 759 371 776 379; x_wconf 92' lang='lat'>-</span> <span class='ocrx_word' id='word_1_35' title='bbox 809 369 826 379; x_wconf 93' lang='lat'><em>-</em></span> <span class='ocrx_word' id='word_1_36' title='bbox 1241 356 1319 395; x_wconf 72' lang='lat'>12.</span> <span class='ocrx_word' id='word_1_37' title='bbox 1355 342 1455 392; x_wconf 92' lang='lat' dir='ltr'>Post</span> <span class='ocrx_word' id='word_1_38' title='bbox 1481 346 1573 394; x_wconf 82' lang='lat' dir='ltr'>haec</span> <span class='ocrx_word' id='word_1_39' title='bbox 1606 360 1752 395; x_wconf 84' lang='lat' dir='ltr'>autem</span> <span class='ocrx_word' id='word_1_40' title='bbox 1785 367 1798 386; x_wconf 86' lang='lat'>··</span> <span class='ocrx_word' id='word_1_41' title='bbox 1835 374 1852 384; x_wconf 92' lang='lat'>-</span> <span class='ocrx_word' id='word_1_42' title='bbox 1886 375 1905 388; x_wconf 89' lang='lat'><strong>·</strong></span> <span class='ocrx_word' id='word_1_43' title='bbox 1936 375 1952 388; x_wconf 91' lang='lat'>·</span> <span class='ocrx_word' id='word_1_44' title='bbox 1981 374 1998 387; x_wconf 91' lang='lat'><em>·</em></span> 
     </span>
    </p>
   </div>
   <div class='ocr_carea' id='block_1_3' title="bbox 536 480 1851 700">
    <p class='ocr_par' dir='ltr' id='par_1_3' title="bbox 536 480 1851 700">
     <span class='ocr_line' id='line_1_5' title="bbox 846 480 1695 590; baseline 0.009 -24"><span class='ocrx_word' id='word_1_45' title='bbox 846 498 1280 590; x_wconf 84' lang='lat' dir='ltr'>Evangelium</span> <span class='ocrx_word' id='word_1_46' title='bbox 1337 480 1551 570; x_wconf 83' lang='lat' dir='ltr'>Lucae.</span> <span class='ocrx_word' id='word_1_47' title='bbox 1692 573 1695 574; x_wconf 10' lang='grc' dir='ltr'><em>γ</em></span> 
     </span>
     <span class='ocr_line' id='line_1_6' title="bbox 536 632 1851 700; baseline 0.005 -21"><span class='ocrx_word' id='word_1_48' title='bbox 536 633 644 695; x_wconf 82' lang='lat' dir='ltr'>Cap.</span> <span class='ocrx_word' id='word_1_49' title='bbox 686 632 728 680; x_wconf 77' lang='lat'>1:</span> <span class='ocrx_word' id='word_1_50' title='bbox 1672 638 1851 700; x_wconf 78' lang='lat' dir='ltr'>cap.1:</span> 
     </span>
    </p>
   </div>
   <div class='ocr_carea' id='block_1_4' title="bbox 95 714 2304 1238">
    <p class='ocr_par' dir='ltr' id='par_1_4' title="bbox 95 714 2304 1238">
     <span class='ocr_line' id='line_1_7' title="bbox 102 714 2302 789; baseline 0.002 -22"><span class='ocrx_word' id='word_1_51' title='bbox 102 731 146 772; x_wconf 82' lang='lat'>1.</span> <span class='ocrx_word' id='word_1_52' title='bbox 189 719 306 764; x_wconf 87' lang='lat' dir='ltr'>Unte</span> <span class='ocrx_word' id='word_1_53' title='bbox 359 714 527 766; x_wconf 77' lang='lat' dir='ltr'><em>raihtis</em></span> <span class='ocrx_word' id='word_1_54' title='bbox 567 720 617 780; x_wconf 88' lang='lat' dir='ltr'>a)</span> <span class='ocrx_word' id='word_1_55' title='bbox 669 718 867 779; x_wconf 85' lang='lat' dir='ltr'>managai</span> <span class='ocrx_word' id='word_1_56' title='bbox 911 717 1158 779; x_wconf 87' lang='lat' dir='ltr'>dugunnun</span> <span class='ocrx_word' id='word_1_57' title='bbox 1238 723 1284 763; x_wconf 70' lang='grc' dir='ltr'>Ι.</span> <span class='ocrx_word' id='word_1_58' title='bbox 1328 717 1481 780; x_wconf 82' lang='lat' dir='ltr'>Qum</span> <span class='ocrx_word' id='word_1_59' title='bbox 1526 719 1645 769; x_wconf 87' lang='lat' dir='ltr'>enim</span> <span class='ocrx_word' id='word_1_60' title='bbox 1687 725 1818 772; x_wconf 88' lang='lat' dir='ltr'>multi</span> <span class='ocrx_word' id='word_1_61' title='bbox 1868 725 2079 789; x_wconf 82' lang='lat' dir='ltr'>coeperint</span> <span class='ocrx_word' id='word_1_62' title='bbox 2117 720 2302 773; x_wconf 88' lang='lat' dir='ltr'>scribere</span> 
     </span>
     <span class='ocr_line' id='line_1_8' title="bbox 98 781 1553 848; baseline 0 -17"><span class='ocrx_word' id='word_1_63' title='bbox 98 788 101 791; x_wconf 80' lang='grc'><em>’</em></span> <span class='ocrx_word' id='word_1_64' title='bbox 166 784 325 848; x_wconf 80' lang='lat' dir='ltr'>meljan</span> <span class='ocrx_word' id='word_1_65' title='bbox 368 783 520 831; x_wconf 85' lang='lat' dir='ltr'>insaht.</span> <span class='ocrx_word' id='word_1_66' title='bbox 832 822 834 824; x_wconf 71' lang='grc'><strong>,</strong></span> <span class='ocrx_word' id='word_1_67' title='bbox 1306 781 1553 831; x_wconf 83' lang='lat' dir='ltr'>historiam.</span> 
     </span>
     <span class='ocr_line' id='line_1_9' title="bbox 104 845 2304 921; baseline 0.006 -25"><span class='ocrx_word' id='word_1_68' title='bbox 104 867 149 913; x_wconf 75' lang='lat'>5.</span> <span class='ocrx_word' id='word_1_69' title='bbox 191 869 276 898; x_wconf 84' lang='lat' dir='ltr'>was</span> <span class='ocrx_word' id='word_1_70' title='bbox 318 853 364 897; x_wconf 88' lang='lat' dir='ltr'>in</span> <span class='ocrx_word' id='word_1_71' title='bbox 404 851 559 912; x_wconf 80' lang='lat' dir='ltr'>dagam</span> <span class='ocrx_word' id='word_1_72' title='bbox 599 847 787 896; x_wconf 83' lang='lat' dir='ltr'>herodes</span> <span class='ocrx_word' id='word_1_73' title='bbox 837 845 1071 899; x_wconf 78' lang='lat' dir='ltr'>thiudanis</span> <span class='ocrx_word' id='word_1_74' title='bbox 1105 846 1158 913; x_wconf 84' lang='lat' dir='ltr'>b)</span> <span class='ocrx_word' id='word_1_75' title='bbox 1240 859 1285 907; x_wconf 68' lang='lat'>5·</span> <span class='ocrx_word' id='word_1_76' title='bbox 1330 850 1435 896; x_wconf 85' lang='lat' dir='ltr'>Fuit</span> <span class='ocrx_word' id='word_1_77' title='bbox 1463 852 1509 896; x_wconf 87' lang='lat' dir='ltr'>in</span> <span class='ocrx_word' id='word_1_78' title='bbox 1539 850 1692 904; x_wconf 78' lang='lat' dir='ltr'>diebus</span> <span class='ocrx_word' id='word_1_79' title='bbox 1718 854 1940 914; x_wconf 80' lang='lat' dir='ltr'>Herodis,</span> <span class='ocrx_word' id='word_1_80' title='bbox 1982 858 2097 919; x_wconf 75' lang='lat' dir='ltr'>regis</span> <span class='ocrx_word' id='word_1_81' title='bbox 2131 856 2304 921; x_wconf 65' lang='lat' dir='ltr'>judaeae,</span> 
     </span>
     <span class='ocr_line' id='line_1_10' title="bbox 163 911 1520 980; baseline 0.001 -17"><span class='ocrx_word' id='word_1_82' title='bbox 163 918 328 963; x_wconf 83' lang='lat' dir='ltr'>iudaias</span> <span class='ocrx_word' id='word_1_83' title='bbox 348 918 482 980; x_wconf 77' lang='lat' dir='ltr'>gudji.</span> <span class='ocrx_word' id='word_1_84' title='bbox 992 948 995 950; x_wconf 30' lang='lat' dir='ltr'>v</span> <span class='ocrx_word' id='word_1_85' title='bbox 1303 911 1520 965; x_wconf 70' lang='lat' dir='ltr'>sacerdos·</span> 
     </span>
     <span class='ocr_line' id='line_1_11' title="bbox 95 980 1434 1043; baseline -0.003 -11"><span class='ocrx_word' id='word_1_86' title='bbox 95 998 144 1043; x_wconf 83' lang='grc'>9.</span> <span class='ocrx_word' id='word_1_87' title='bbox 177 982 344 1033; x_wconf 81' lang='lat' dir='ltr'>hlauts.</span> <span class='ocrx_word' id='word_1_88' title='bbox 369 982 413 1042; x_wconf 91' lang='lat' dir='ltr'>c)</span> <span class='ocrx_word' id='word_1_89' title='bbox 449 983 517 1031; x_wconf 89' lang='lat' dir='ltr'>St.</span> <span class='ocrx_word' id='word_1_90' title='bbox 537 980 730 1027; x_wconf 87' lang='lat' dir='ltr'>hlauths.</span> <span class='ocrx_word' id='word_1_91' title='bbox 1232 994 1282 1038; x_wconf 78' lang='lat'>9.</span> <span class='ocrx_word' id='word_1_92' title='bbox 1318 984 1434 1028; x_wconf 89' lang='lat' dir='ltr'>Sors.</span> 
     </span>
     <span class='ocr_line' id='line_1_12' title="bbox 99 1044 1617 1114; baseline 0.001 -17"><span class='ocrx_word' id='word_1_93' title='bbox 99 1044 182 1101; x_wconf 76' lang='lat'>10.&#39;</span> <span class='ocrx_word' id='word_1_94' title='bbox 209 1052 486 1114; x_wconf 77' lang='lat' dir='ltr'>manageins.</span> <span class='ocrx_word' id='word_1_95' title='bbox 545 1050 593 1094; x_wconf 92' lang='lat' dir='ltr'>B.</span> <span class='ocrx_word' id='word_1_96' title='bbox 611 1064 869 1110; x_wconf 86' lang='lat' dir='ltr'>managens,</span> <span class='ocrx_word' id='word_1_97' title='bbox 906 1048 1061 1095; x_wconf 81' lang='lat' dir='ltr'>errore</span> <span class='ocrx_word' id='word_1_98' title='bbox 1088 1058 1154 1111; x_wconf 94' lang='lat' dir='ltr'>ty·</span> <span class='ocrx_word' id='word_1_99' title='bbox 1234 1059 1310 1095; x_wconf 88' lang='lat'>10.</span> <span class='ocrx_word' id='word_1_100' title='bbox 1354 1048 1617 1102; x_wconf 87' lang='lat' dir='ltr'>Multitudo.</span> 
     </span>
     <span class='ocr_line' id='line_1_13' title="bbox 160 1115 365 1177; baseline 0 -15"><span class='ocrx_word' id='word_1_101' title='bbox 160 1115 365 1177; x_wconf 81' lang='lat' dir='ltr'>pothetae.</span> 
     </span>
     <span class='ocr_line' id='line_1_14' title="bbox 1264 1181 2304 1238; baseline 0.005 -13"><span class='ocrx_word' id='word_1_102' title='bbox 1264 1181 1302 1225; x_wconf 90' lang='lat' dir='ltr'><strong>E</strong></span> <span class='ocrx_word' id='word_1_103' title='bbox 1343 1194 1366 1238; x_wconf 84' lang='lat'><em>3</em></span> <span class='ocrx_word' id='word_1_104' title='bbox 2218 1194 2304 1230; x_wconf 75' lang='lat'>11.</span> 
     </span>
    </p>
   </div>
   <div class='ocr_carea' id='block_1_5' title="bbox 145 1315 2304 1631">
    <p class='ocr_par' dir='ltr' id='par_1_5' title="bbox 147 1315 2302 1420">
     <span class='ocr_line' id='line_1_15' title="bbox 147 1315 2302 1370; baseline -0.002 -13"><span class='ocrx_word' id='word_1_105' title='bbox 147 1317 190 1368; x_wconf 80' lang='lat' dir='ltr'>h)</span> <span class='ocrx_word' id='word_1_106' title='bbox 215 1319 272 1357; x_wconf 83' lang='lat' dir='ltr'>Ita</span> <span class='ocrx_word' id='word_1_107' title='bbox 290 1317 502 1356; x_wconf 87' lang='lat' dir='ltr'>indubitate</span> <span class='ocrx_word' id='word_1_108' title='bbox 523 1317 684 1355; x_wconf 86' lang='lat' dir='ltr'>habetur</span> <span class='ocrx_word' id='word_1_109' title='bbox 700 1317 740 1354; x_wconf 92' lang='lat' dir='ltr'>in</span> <span class='ocrx_word' id='word_1_110' title='bbox 760 1315 908 1362; x_wconf 85' lang='lat' dir='ltr'>codice,</span> <span class='ocrx_word' id='word_1_111' title='bbox 937 1329 958 1354; x_wconf 86' lang='lat' dir='ltr'>a</span> <span class='ocrx_word' id='word_1_112' title='bbox 975 1328 1052 1366; x_wconf 94' lang='lat' dir='ltr'>quo</span> <span class='ocrx_word' id='word_1_113' title='bbox 1072 1316 1163 1354; x_wconf 85' lang='lat' dir='ltr'>editi</span> <span class='ocrx_word' id='word_1_114' title='bbox 1180 1329 1259 1355; x_wconf 91' lang='lat' dir='ltr'>non</span> <span class='ocrx_word' id='word_1_115' title='bbox 1276 1317 1450 1355; x_wconf 87' lang='lat' dir='ltr'>multum</span> <span class='ocrx_word' id='word_1_116' title='bbox 1477 1316 1681 1364; x_wconf 86' lang='lat' dir='ltr'>differunt,</span> <span class='ocrx_word' id='word_1_117' title='bbox 1717 1317 1904 1368; x_wconf 85' lang='lat' dir='ltr'>legendo:</span> <span class='ocrx_word' id='word_1_118' title='bbox 1941 1318 1992 1357; x_wconf 83' lang='lat' dir='ltr'>ith</span> <span class='ocrx_word' id='word_1_119' title='bbox 2021 1320 2067 1357; x_wconf 84' lang='lat' dir='ltr'>eis</span> <span class='ocrx_word' id='word_1_120' title='bbox 2088 1315 2302 1370; x_wconf 57' lang='lat' dir='ltr'>gahausjau-</span> 
     </span>
     <span class='ocr_line' id='line_1_16' title="bbox 199 1367 1188 1420; baseline -0.001 -13"><span class='ocrx_word' id='word_1_121' title='bbox 199 1368 304 1416; x_wconf 78' lang='lat' dir='ltr'>dans,</span> <span class='ocrx_word' id='word_1_122' title='bbox 333 1370 458 1420; x_wconf 90' lang='lat' dir='ltr'>quod,</span> <span class='ocrx_word' id='word_1_123' title='bbox 486 1367 511 1406; x_wconf 88' lang='lat' dir='ltr'>fi</span> <span class='ocrx_word' id='word_1_124' title='bbox 528 1368 675 1407; x_wconf 75' lang='lat' dir='ltr'>stnfiim</span> <span class='ocrx_word' id='word_1_125' title='bbox 692 1368 851 1419; x_wconf 70' lang='lat' dir='ltr'>spestes,</span> <span class='ocrx_word' id='word_1_126' title='bbox 878 1367 1016 1405; x_wconf 88' lang='lat' dir='ltr'>eodem</span> <span class='ocrx_word' id='word_1_127' title='bbox 1042 1368 1188 1406; x_wconf 83' lang='lat' dir='ltr'>recidit.</span> 
     </span>
    </p>

    <p class='ocr_par' dir='ltr' id='par_1_6' title="bbox 145 1418 2304 1577">
     <span class='ocr_line' id='line_1_17' title="bbox 145 1418 2303 1473; baseline -0.001 -12"><span class='ocrx_word' id='word_1_128' title='bbox 145 1423 176 1473; x_wconf 82' lang='lat' dir='ltr'>i)</span> <span class='ocrx_word' id='word_1_129' title='bbox 202 1423 264 1461; x_wconf 86' lang='lat' dir='ltr'>Sic</span> <span class='ocrx_word' id='word_1_130' title='bbox 287 1421 431 1467; x_wconf 87' lang='lat' dir='ltr'>rursus,</span> <span class='ocrx_word' id='word_1_131' title='bbox 458 1433 504 1458; x_wconf 90' lang='lat' dir='ltr'>ex</span> <span class='ocrx_word' id='word_1_132' title='bbox 527 1420 739 1459; x_wconf 58' lang='lat' dir='ltr'>coniefiiura</span> <span class='ocrx_word' id='word_1_133' title='bbox 757 1422 791 1458; x_wconf 72' lang='grc' dir='ltr'>δε</span> <span class='ocrx_word' id='word_1_134' title='bbox 810 1420 942 1471; x_wconf 88' lang='lat' dir='ltr'>peritia</span> <span class='ocrx_word' id='word_1_135' title='bbox 960 1420 1102 1471; x_wconf 79' lang='lat' dir='ltr'>linguae</span> <span class='ocrx_word' id='word_1_136' title='bbox 1121 1418 1482 1458; x_wconf 69' lang='lat' dir='ltr'>consummatissima</span> <span class='ocrx_word' id='word_1_137' title='bbox 1491 1448 1502 1467; x_wconf 88' lang='lat'><em>‚</em></span> <span class='ocrx_word' id='word_1_138' title='bbox 1539 1419 1634 1471; x_wconf 85' lang='lat' dir='ltr'>legit</span> <span class='ocrx_word' id='word_1_139' title='bbox 1659 1421 1690 1459; x_wconf 93' lang='lat' dir='ltr'>B</span> <span class='ocrx_word' id='word_1_140' title='bbox 1723 1432 1814 1459; x_wconf 84' lang='lat' dir='ltr'>cum</span> <span class='ocrx_word' id='word_1_141' title='bbox 1843 1420 1984 1460; x_wconf 83' lang='lat' dir='ltr'>codice.</span> <span class='ocrx_word' id='word_1_142' title='bbox 2045 1419 2144 1469; x_wconf 76' lang='lat' dir='ltr'>Jmt.</span> <span class='ocrx_word' id='word_1_143' title='bbox 2171 1430 2303 1459; x_wconf 82' lang='lat' dir='ltr'>autem</span> 
     </span>
     <span class='ocr_line' id='line_1_18' title="bbox 200 1470 2304 1532; baseline -0 -19"><span class='ocrx_word' id='word_1_144' title='bbox 200 1475 236 1513; x_wconf 71' lang='grc' dir='ltr'>ἃ</span> <span class='ocrx_word' id='word_1_145' title='bbox 255 1472 405 1511; x_wconf 80' lang='lat' dir='ltr'>Stiernh.</span> <span class='ocrx_word' id='word_1_146' title='bbox 417 1470 669 1532; x_wconf 66' lang='lat' dir='ltr'>gascziqlzarzds‚</span> <span class='ocrx_word' id='word_1_147' title='bbox 697 1471 835 1520; x_wconf 83' lang='lat' dir='ltr'>videns,</span> <span class='ocrx_word' id='word_1_148' title='bbox 862 1471 968 1524; x_wconf 90' lang='lat' dir='ltr'>quod</span> <span class='ocrx_word' id='word_1_149' title='bbox 986 1485 1077 1512; x_wconf 91' lang='lat' dir='ltr'>cum</span> <span class='ocrx_word' id='word_1_150' title='bbox 1096 1472 1212 1513; x_wconf 88' lang='lat' dir='ltr'>verbo</span> <span class='ocrx_word' id='word_1_151' title='bbox 1231 1471 1482 1520; x_wconf 84' lang='lat' dir='ltr'>substantivo,</span> <span class='ocrx_word' id='word_1_152' title='bbox 1511 1472 1650 1521; x_wconf 78' lang='lat' dir='ltr'>marth,</span> <span class='ocrx_word' id='word_1_153' title='bbox 1678 1486 1726 1513; x_wconf 84' lang='lat' dir='ltr'>ex</span> <span class='ocrx_word' id='word_1_154' title='bbox 1741 1473 1884 1526; x_wconf 72' lang='lat' dir='ltr'>regulis</span> <span class='ocrx_word' id='word_1_155' title='bbox 1902 1472 2173 1526; x_wconf 81' lang='lat' dir='ltr'>grammaticis,</span> <span class='ocrx_word' id='word_1_156' title='bbox 2205 1485 2304 1512; x_wconf 87' lang='lat' dir='ltr'>nun-</span> 
     </span>
     <span class='ocr_line' id='line_1_19' title="bbox 198 1535 514 1577; baseline 0.003 -13"><span class='ocrx_word' id='word_1_157' title='bbox 198 1538 317 1577; x_wconf 85' lang='lat' dir='ltr'>quam</span> <span class='ocrx_word' id='word_1_158' title='bbox 342 1535 514 1577; x_wconf 74' lang='lat' dir='ltr'>ponitur.</span> 
     </span>
    </p>

    <p class='ocr_par' dir='ltr' id='par_1_7' title="bbox 146 1576 1640 1631">
     <span class='ocr_line' id='line_1_20' title="bbox 146 1576 1640 1631; baseline -0.001 -11"><span class='ocrx_word' id='word_1_159' title='bbox 146 1579 190 1631; x_wconf 81' lang='lat' dir='ltr'>k)</span> <span class='ocrx_word' id='word_1_160' title='bbox 217 1578 340 1617; x_wconf 84' lang='lat' dir='ltr'>Editi:</span> <span class='ocrx_word' id='word_1_161' title='bbox 369 1576 539 1624; x_wconf 73' lang='lat' dir='ltr'>zahthan,</span> <span class='ocrx_word' id='word_1_162' title='bbox 564 1577 668 1629; x_wconf 90' lang='lat' dir='ltr'>quod</span> <span class='ocrx_word' id='word_1_163' title='bbox 692 1577 847 1630; x_wconf 84' lang='lat' dir='ltr'>perinde</span> <span class='ocrx_word' id='word_1_164' title='bbox 867 1576 940 1626; x_wconf 80' lang='lat' dir='ltr'>est3</span> <span class='ocrx_word' id='word_1_165' title='bbox 968 1590 1058 1617; x_wconf 85' lang='lat' dir='ltr'>nam</span> <span class='ocrx_word' id='word_1_166' title='bbox 1079 1577 1203 1618; x_wconf 83' lang='lat' dir='ltr'>codex</span> <span class='ocrx_word' id='word_1_167' title='bbox 1231 1577 1400 1618; x_wconf 80' lang='lat' dir='ltr'>admittit</span> <span class='ocrx_word' id='word_1_168' title='bbox 1416 1587 1640 1630; x_wconf 79' lang='lat' dir='ltr'>utrumque.</span> 
     </span>
    </p>
   </div>
   <div class='ocr_carea' id='block_1_6' title="bbox 173 1645 2306 1912">
    <p class='ocr_par' dir='ltr' id='par_1_8' title="bbox 173 1645 2306 1912">
     <span class='ocr_line' id='line_1_21' title="bbox 173 1645 2304 1701; baseline -0.001 -12"><span class='ocrx_word' id='word_1_169' title='bbox 173 1649 317 1689; x_wconf 86' lang='lat' dir='ltr'>Ceteris</span> <span class='ocrx_word' id='word_1_170' title='bbox 335 1646 584 1687; x_wconf 85' lang='lat' dir='ltr'>subsecuturis</span> <span class='ocrx_word' id='word_1_171' title='bbox 603 1648 754 1698; x_wconf 84' lang='lat' dir='ltr'>privati,</span> <span class='ocrx_word' id='word_1_172' title='bbox 781 1649 813 1685; x_wconf 75' lang='grc' dir='ltr'>ὅ(</span> <span class='ocrx_word' id='word_1_173' title='bbox 834 1646 952 1686; x_wconf 88' lang='lat' dir='ltr'>finem</span> <span class='ocrx_word' id='word_1_174' title='bbox 972 1646 1292 1688; x_wconf 87' lang='lat' dir='ltr'>observationibus</span> <span class='ocrx_word' id='word_1_175' title='bbox 1309 1648 1442 1687; x_wconf 89' lang='lat' dir='ltr'>nostris</span> <span class='ocrx_word' id='word_1_176' title='bbox 1459 1647 1506 1686; x_wconf 85' lang='lat' dir='ltr'>ad</span> <span class='ocrx_word' id='word_1_177' title='bbox 1520 1647 1779 1699; x_wconf 87' lang='lat' dir='ltr'>Euangelium</span> <span class='ocrx_word' id='word_1_178' title='bbox 1797 1645 1932 1696; x_wconf 83' lang='lat' dir='ltr'>Marci,</span> <span class='ocrx_word' id='word_1_179' title='bbox 1959 1648 2155 1701; x_wconf 86' lang='lat' dir='ltr'>imponere</span> <span class='ocrx_word' id='word_1_180' title='bbox 2175 1647 2304 1691; x_wconf 65' lang='lat' dir='ltr'>coacti,</span> 
     </span>
     <span class='ocr_line' id='line_1_22' title="bbox 200 1699 2306 1753; baseline 0 -12"><span class='ocrx_word' id='word_1_181' title='bbox 200 1702 420 1741; x_wconf 75' lang='lat' dir='ltr'>notabimus</span> <span class='ocrx_word' id='word_1_182' title='bbox 440 1700 560 1738; x_wconf 87' lang='lat' dir='ltr'>obiter</span> <span class='ocrx_word' id='word_1_183' title='bbox 579 1699 745 1739; x_wconf 57' lang='lat' dir='ltr'>defectus</span> <span class='ocrx_word' id='word_1_184' title='bbox 768 1700 929 1746; x_wconf 81' lang='lat' dir='ltr'>codicis,</span> <span class='ocrx_word' id='word_1_185' title='bbox 957 1713 1035 1752; x_wconf 90' lang='lat' dir='ltr'>quo</span> <span class='ocrx_word' id='word_1_186' title='bbox 1059 1703 1225 1748; x_wconf 69' lang='lat' dir='ltr'>utimur,</span> <span class='ocrx_word' id='word_1_187' title='bbox 1263 1700 1521 1752; x_wconf 78' lang='lat' dir='ltr'>manuscripti.</span> <span class='ocrx_word' id='word_1_188' title='bbox 1587 1700 1788 1739; x_wconf 86' lang='lat' dir='ltr'>Eiusmodi</span> <span class='ocrx_word' id='word_1_189' title='bbox 1814 1699 1920 1748; x_wconf 86' lang='lat' dir='ltr'>sunt,</span> <span class='ocrx_word' id='word_1_190' title='bbox 1958 1703 1999 1739; x_wconf 89' lang='lat' dir='ltr'>in</span> <span class='ocrx_word' id='word_1_191' title='bbox 2025 1714 2107 1753; x_wconf 71' lang='lat' dir='ltr'>cap.</span> <span class='ocrx_word' id='word_1_192' title='bbox 2125 1702 2194 1740; x_wconf 88' lang='lat' dir='ltr'>VI.</span> <span class='ocrx_word' id='word_1_193' title='bbox 2228 1714 2249 1740; x_wconf 86' lang='lat' dir='ltr'>a</span> <span class='ocrx_word' id='word_1_194' title='bbox 2266 1714 2306 1742; x_wconf 65' lang='lat' dir='ltr'>v.</span> 
     </span>
     <span class='ocr_line' id='line_1_23' title="bbox 205 1751 2306 1805; baseline -0.001 -12"><span class='ocrx_word' id='word_1_195' title='bbox 205 1767 264 1801; x_wconf 82' lang='lat'>30.</span> <span class='ocrx_word' id='word_1_196' title='bbox 284 1753 330 1793; x_wconf 82' lang='lat' dir='ltr'>ad</span> <span class='ocrx_word' id='word_1_197' title='bbox 348 1765 409 1800; x_wconf 73' lang='lat'>54.</span> <span class='ocrx_word' id='word_1_198' title='bbox 431 1753 472 1791; x_wconf 91' lang='lat' dir='ltr'>in</span> <span class='ocrx_word' id='word_1_199' title='bbox 488 1753 572 1791; x_wconf 73' lang='grc' dir='ltr'>ΧΠ.</span> <span class='ocrx_word' id='word_1_200' title='bbox 597 1764 616 1790; x_wconf 82' lang='lat' dir='ltr'>a</span> <span class='ocrx_word' id='word_1_201' title='bbox 636 1766 669 1790; x_wconf 90' lang='lat' dir='ltr'>v.</span> <span class='ocrx_word' id='word_1_202' title='bbox 709 1760 752 1798; x_wconf 87' lang='lat'>38</span> <span class='ocrx_word' id='word_1_203' title='bbox 778 1752 826 1791; x_wconf 87' lang='lat' dir='ltr'>ad</span> <span class='ocrx_word' id='word_1_204' title='bbox 859 1751 978 1791; x_wconf 87' lang='lat' dir='ltr'>finem</span> <span class='ocrx_word' id='word_1_205' title='bbox 994 1765 1138 1805; x_wconf 83' lang='lat' dir='ltr'>usque:</span> <span class='ocrx_word' id='word_1_206' title='bbox 1169 1755 1209 1792; x_wconf 91' lang='lat' dir='ltr'>in</span> <span class='ocrx_word' id='word_1_207' title='bbox 1226 1755 1314 1792; x_wconf 79' lang='lat' dir='ltr'>xm</span> <span class='ocrx_word' id='word_1_208' title='bbox 1344 1754 1390 1792; x_wconf 88' lang='lat' dir='ltr'>ab</span> <span class='ocrx_word' id='word_1_209' title='bbox 1408 1753 1516 1791; x_wconf 82' lang='lat' dir='ltr'>initio</span> <span class='ocrx_word' id='word_1_210' title='bbox 1546 1752 1593 1791; x_wconf 89' lang='lat' dir='ltr'>ad</span> <span class='ocrx_word' id='word_1_211' title='bbox 1624 1766 1657 1791; x_wconf 90' lang='lat' dir='ltr'>v.</span> <span class='ocrx_word' id='word_1_212' title='bbox 1683 1754 1740 1791; x_wconf 87' lang='lat'>16.</span> <span class='ocrx_word' id='word_1_213' title='bbox 1769 1752 1924 1805; x_wconf 86' lang='lat' dir='ltr'>eiusque</span> <span class='ocrx_word' id='word_1_214' title='bbox 1950 1754 2061 1793; x_wconf 86' lang='lat' dir='ltr'>verba</span> <span class='ocrx_word' id='word_1_215' title='bbox 2081 1754 2237 1801; x_wconf 90' lang='lat' dir='ltr'>ultima,</span> <span class='ocrx_word' id='word_1_216' title='bbox 2268 1753 2306 1791; x_wconf 85' lang='lat'>&amp;</span> 
     </span>
     <span class='ocr_line' id='line_1_24' title="bbox 199 1804 2304 1860; baseline -0 -14"><span class='ocrx_word' id='word_1_217' title='bbox 199 1820 332 1860; x_wconf 86' lang='lat' dir='ltr'>porro,</span> <span class='ocrx_word' id='word_1_218' title='bbox 360 1819 391 1844; x_wconf 87' lang='lat' dir='ltr'>a.</span> <span class='ocrx_word' id='word_1_219' title='bbox 414 1818 448 1844; x_wconf 88' lang='lat' dir='ltr'>v.</span> <span class='ocrx_word' id='word_1_220' title='bbox 473 1817 522 1856; x_wconf 73' lang='lat'>29</span> <span class='ocrx_word' id='word_1_221' title='bbox 554 1805 601 1843; x_wconf 86' lang='lat' dir='ltr'>ad</span> <span class='ocrx_word' id='word_1_222' title='bbox 619 1804 739 1844; x_wconf 84' lang='lat' dir='ltr'>finem</span> <span class='ocrx_word' id='word_1_223' title='bbox 757 1818 879 1856; x_wconf 82' lang='lat' dir='ltr'>usque</span> <span class='ocrx_word' id='word_1_224' title='bbox 905 1807 1056 1858; x_wconf 85' lang='lat' dir='ltr'>capitis:</span> <span class='ocrx_word' id='word_1_225' title='bbox 1083 1807 1125 1845; x_wconf 92' lang='lat' dir='ltr'>in</span> <span class='ocrx_word' id='word_1_226' title='bbox 1142 1808 1244 1846; x_wconf 30' lang='lat' dir='ltr'>XIV(</span> <span class='ocrx_word' id='word_1_227' title='bbox 1265 1819 1285 1845; x_wconf 91' lang='lat' dir='ltr'>a</span> <span class='ocrx_word' id='word_1_228' title='bbox 1308 1808 1426 1858; x_wconf 85' lang='lat' dir='ltr'>capite</span> <span class='ocrx_word' id='word_1_229' title='bbox 1445 1805 1492 1844; x_wconf 86' lang='lat' dir='ltr'>ad</span> <span class='ocrx_word' id='word_1_230' title='bbox 1510 1819 1541 1844; x_wconf 90' lang='lat' dir='ltr'>v.</span> <span class='ocrx_word' id='word_1_231' title='bbox 1564 1816 1598 1852; x_wconf 72' lang='grc' dir='ltr'>ς.</span> <span class='ocrx_word' id='word_1_232' title='bbox 1628 1806 1662 1844; x_wconf 82' lang='lat'>&amp;</span> <span class='ocrx_word' id='word_1_233' title='bbox 1687 1805 1866 1853; x_wconf 84' lang='lat' dir='ltr'>ulterius,</span> <span class='ocrx_word' id='word_1_234' title='bbox 1905 1818 1926 1844; x_wconf 87' lang='lat' dir='ltr'>a</span> <span class='ocrx_word' id='word_1_235' title='bbox 1951 1819 1983 1844; x_wconf 91' lang='lat' dir='ltr'>v.</span> <span class='ocrx_word' id='word_1_236' title='bbox 2008 1817 2068 1853; x_wconf 74' lang='grc' dir='ltr'>ις.</span> <span class='ocrx_word' id='word_1_237' title='bbox 2092 1806 2138 1844; x_wconf 86' lang='lat' dir='ltr'>ab</span> <span class='ocrx_word' id='word_1_238' title='bbox 2174 1820 2210 1845; x_wconf 85' lang='lat' dir='ltr'>v.</span> <span class='ocrx_word' id='word_1_239' title='bbox 2239 1817 2304 1854; x_wconf 88' lang='lat'>41.</span> 
     </span>
     <span class='ocr_line' id='line_1_25' title="bbox 200 1857 2155 1912; baseline -0.002 -12"><span class='ocrx_word' id='word_1_240' title='bbox 200 1873 281 1900; x_wconf 87' lang='lat' dir='ltr'>non</span> <span class='ocrx_word' id='word_1_241' title='bbox 300 1861 518 1911; x_wconf 82' lang='lat' dir='ltr'>integrum3</span> <span class='ocrx_word' id='word_1_242' title='bbox 545 1858 586 1897; x_wconf 89' lang='lat' dir='ltr'>in</span> <span class='ocrx_word' id='word_1_243' title='bbox 603 1860 690 1898; x_wconf 83' lang='lat' dir='ltr'>XV.</span> <span class='ocrx_word' id='word_1_244' title='bbox 713 1868 757 1896; x_wconf 90' lang='lat' dir='ltr'>ut</span> <span class='ocrx_word' id='word_1_245' title='bbox 776 1859 965 1905; x_wconf 80' lang='lat' dir='ltr'>diximus,</span> <span class='ocrx_word' id='word_1_246' title='bbox 993 1872 1014 1898; x_wconf 84' lang='lat' dir='ltr'>a</span> <span class='ocrx_word' id='word_1_247' title='bbox 1033 1872 1070 1902; x_wconf 77' lang='lat' dir='ltr'>v.</span> <span class='ocrx_word' id='word_1_248' title='bbox 1099 1872 1158 1899; x_wconf 87' lang='lat'>12.</span> <span class='ocrx_word' id='word_1_249' title='bbox 1188 1872 1263 1911; x_wconf 81' lang='lat' dir='ltr'>qua</span> <span class='ocrx_word' id='word_1_250' title='bbox 1283 1870 1430 1912; x_wconf 82' lang='lat' dir='ltr'>partem</span> <span class='ocrx_word' id='word_1_251' title='bbox 1452 1858 1662 1896; x_wconf 81' lang='lat' dir='ltr'>maximam</span> <span class='ocrx_word' id='word_1_252' title='bbox 1680 1857 1894 1909; x_wconf 85' lang='lat' dir='ltr'>deperdito,</span> <span class='ocrx_word' id='word_1_253' title='bbox 1924 1858 1973 1897; x_wconf 86' lang='lat' dir='ltr'>ad</span> <span class='ocrx_word' id='word_1_254' title='bbox 2000 1859 2155 1897; x_wconf 76' lang='lat' dir='ltr'>calcem</span> 
     </span>
    </p>
   </div>
   <div class='ocr_carea' id='block_1_7' title="bbox 148 1923 2308 2345">
    <p class='ocr_par' dir='ltr' id='par_1_9' title="bbox 148 1923 2308 2345">
     <span class='ocr_line' id='line_1_26' title="bbox 148 1923 2306 1983; baseline -0.004 -11"><span class='ocrx_word' id='word_1_255' title='bbox 148 1931 190 1983; x_wconf 76' lang='lat' dir='ltr'>a)</span> <span class='ocrx_word' id='word_1_256' title='bbox 217 1930 467 1971; x_wconf 89' lang='lat' dir='ltr'>Conveniunt</span> <span class='ocrx_word' id='word_1_257' title='bbox 484 1930 508 1981; x_wconf 94' lang='lat' dir='ltr'>J</span> <span class='ocrx_word' id='word_1_258' title='bbox 539 1928 573 1966; x_wconf 75' lang='grc' dir='ltr'>ὅ(</span> <span class='ocrx_word' id='word_1_259' title='bbox 592 1930 633 1967; x_wconf 89' lang='grc' dir='ltr'>Β.</span> <span class='ocrx_word' id='word_1_260' title='bbox 652 1941 743 1967; x_wconf 91' lang='lat' dir='ltr'>cum</span> <span class='ocrx_word' id='word_1_261' title='bbox 761 1929 891 1968; x_wconf 84' lang='lat' dir='ltr'>codice</span> <span class='ocrx_word' id='word_1_262' title='bbox 911 1931 984 1981; x_wconf 90' lang='lat' dir='ltr'>Ms.</span> <span class='ocrx_word' id='word_1_263' title='bbox 1012 1931 1063 1969; x_wconf 88' lang='lat' dir='ltr'>St.</span> <span class='ocrx_word' id='word_1_264' title='bbox 1083 1929 1206 1968; x_wconf 73' lang='lat' dir='ltr'>ralnis.</span> <span class='ocrx_word' id='word_1_265' title='bbox 1262 1932 1371 1968; x_wconf 88' lang='lat' dir='ltr'>Hanc</span> <span class='ocrx_word' id='word_1_266' title='bbox 1390 1928 1611 1981; x_wconf 82' lang='lat' dir='ltr'>particulam</span> <span class='ocrx_word' id='word_1_267' title='bbox 1628 1929 1922 1980; x_wconf 67' lang='lat' dir='ltr'>praetermittunt</span> <span class='ocrx_word' id='word_1_268' title='bbox 1937 1930 1973 1979; x_wconf 91' lang='lat' dir='ltr'>J.</span> <span class='ocrx_word' id='word_1_269' title='bbox 1993 1929 2027 1966; x_wconf 76' lang='grc' dir='ltr'>ὃ(</span> <span class='ocrx_word' id='word_1_270' title='bbox 2055 1930 2109 1968; x_wconf 82' lang='lat' dir='ltr'>St,</span> <span class='ocrx_word' id='word_1_271' title='bbox 2133 1928 2174 1966; x_wconf 87' lang='lat' dir='ltr'>in</span> <span class='ocrx_word' id='word_1_272' title='bbox 2202 1923 2306 1965; x_wconf 88' lang='lat' dir='ltr'>Glos-</span> 
     </span>
     <span class='ocr_line' id='line_1_27' title="bbox 199 1978 2308 2034; baseline -0.003 -10"><span class='ocrx_word' id='word_1_273' title='bbox 199 1983 319 2030; x_wconf 86' lang='lat' dir='ltr'>sariis;</span> <span class='ocrx_word' id='word_1_274' title='bbox 347 1982 487 2033; x_wconf 88' lang='lat' dir='ltr'>excipit</span> <span class='ocrx_word' id='word_1_275' title='bbox 503 1995 590 2020; x_wconf 86' lang='lat' dir='ltr'>vero</span> <span class='ocrx_word' id='word_1_276' title='bbox 601 1980 738 2020; x_wconf 81' lang='lat' dir='ltr'>Hickes.</span> <span class='ocrx_word' id='word_1_277' title='bbox 760 1983 800 2021; x_wconf 93' lang='lat' dir='ltr'>in</span> <span class='ocrx_word' id='word_1_278' title='bbox 819 1995 941 2034; x_wconf 86' lang='lat' dir='ltr'>gram.</span> <span class='ocrx_word' id='word_1_279' title='bbox 961 1981 1122 2034; x_wconf 81' lang='lat' dir='ltr'>Anglos.</span> <span class='ocrx_word' id='word_1_280' title='bbox 1144 1982 1445 2023; x_wconf 76' lang='lat' dir='ltr'>&amp;Moeso-Goth.</span> <span class='ocrx_word' id='word_1_281' title='bbox 1466 1995 1499 2032; x_wconf 87' lang='lat' dir='ltr'>p.</span> <span class='ocrx_word' id='word_1_282' title='bbox 1517 1993 1574 2022; x_wconf 72' lang='lat' dir='ltr'>m.</span> <span class='ocrx_word' id='word_1_283' title='bbox 1594 1981 1617 2019; x_wconf 83' lang='lat'>6</span> <span class='ocrx_word' id='word_1_284' title='bbox 1624 1996 1654 2018; x_wconf 23' lang='lat'>2⁷</span> <span class='ocrx_word' id='word_1_285' title='bbox 1674 1981 1771 2019; x_wconf 86' lang='lat' dir='ltr'>inter</span> <span class='ocrx_word' id='word_1_286' title='bbox 1788 1982 2074 2020; x_wconf 74' lang='lat' dir='ltr'>coniunfflones</span> <span class='ocrx_word' id='word_1_287' title='bbox 2093 1978 2308 2032; x_wconf 81' lang='lat' dir='ltr'>promiscue</span> 
     </span>
     <span class='ocr_line' id='line_1_28' title="bbox 201 2032 2306 2090; baseline -0.003 -14"><span class='ocrx_word' id='word_1_288' title='bbox 201 2036 349 2090; x_wconf 75' lang='lat' dir='ltr'>politas.</span> <span class='ocrx_word' id='word_1_289' title='bbox 403 2037 544 2074; x_wconf 90' lang='lat' dir='ltr'>Unum</span> <span class='ocrx_word' id='word_1_290' title='bbox 563 2034 744 2085; x_wconf 88' lang='lat' dir='ltr'>idemque</span> <span class='ocrx_word' id='word_1_291' title='bbox 763 2046 891 2074; x_wconf 87' lang='lat' dir='ltr'>notare</span> <span class='ocrx_word' id='word_1_292' title='bbox 910 2035 1075 2074; x_wconf 87' lang='lat' dir='ltr'>cernitur</span> <span class='ocrx_word' id='word_1_293' title='bbox 1092 2048 1134 2074; x_wconf 87' lang='lat' dir='ltr'>ac</span> <span class='ocrx_word' id='word_1_294' title='bbox 1162 2048 1270 2086; x_wconf 83' lang='lat' dir='ltr'>graec.</span> <span class='ocrx_word' id='word_1_295' title='bbox 1298 2035 1350 2072; x_wconf 73' lang='grc' dir='ltr'>οὖν</span> <span class='ocrx_word' id='word_1_296' title='bbox 1410 2033 1531 2074; x_wconf 79' lang='lat' dir='ltr'>Marc.</span> <span class='ocrx_word' id='word_1_297' title='bbox 1556 2045 1614 2080; x_wconf 86' lang='lat'>12,</span> <span class='ocrx_word' id='word_1_298' title='bbox 1647 2043 1706 2083; x_wconf 85' lang='lat'>37.</span> <span class='ocrx_word' id='word_1_299' title='bbox 1733 2034 1795 2083; x_wconf 70' lang='grc' dir='ltr'>πὲς</span> <span class='ocrx_word' id='word_1_300' title='bbox 1822 2036 1857 2072; x_wconf 72' lang='grc' dir='ltr'>ὅ(</span> <span class='ocrx_word' id='word_1_301' title='bbox 1885 2035 1964 2082; x_wconf 73' lang='grc' dir='ltr'>μὲν,</span> <span class='ocrx_word' id='word_1_302' title='bbox 2008 2032 2145 2072; x_wconf 84' lang='lat' dir='ltr'>Matth.</span> <span class='ocrx_word' id='word_1_303' title='bbox 2173 2044 2209 2083; x_wconf 85' lang='lat'>9,</span> <span class='ocrx_word' id='word_1_304' title='bbox 2245 2041 2306 2077; x_wconf 82' lang='lat'>37.</span> 
     </span>
     <span class='ocr_line' id='line_1_29' title="bbox 199 2082 2305 2141; baseline -0.003 -13"><span class='ocrx_word' id='word_1_305' title='bbox 199 2089 290 2141; x_wconf 59' lang='lat' dir='ltr'>Joh·</span> <span class='ocrx_word' id='word_1_306' title='bbox 312 2088 374 2134; x_wconf 87' lang='lat'>16,</span> <span class='ocrx_word' id='word_1_307' title='bbox 392 2098 429 2135; x_wconf 87' lang='lat'>9.</span> <span class='ocrx_word' id='word_1_308' title='bbox 449 2082 524 2136; x_wconf 70' lang='grc' dir='ltr'>γιὶς</span> <span class='ocrx_word' id='word_1_309' title='bbox 542 2088 663 2127; x_wconf 70' lang='lat' dir='ltr'>Marc.</span> <span class='ocrx_word' id='word_1_310' title='bbox 683 2099 719 2133; x_wconf 88' lang='lat'>7,</span> <span class='ocrx_word' id='word_1_311' title='bbox 741 2095 774 2129; x_wconf 89' lang='lat'>8.</span> <span class='ocrx_word' id='word_1_312' title='bbox 804 2088 859 2126; x_wconf 80' lang='lat' dir='ltr'>cfr</span> <span class='ocrx_word' id='word_1_313' title='bbox 885 2089 1061 2134; x_wconf 87' lang='lat' dir='ltr'>ulterius,</span> <span class='ocrx_word' id='word_1_314' title='bbox 1088 2087 1114 2126; x_wconf 87' lang='lat' dir='ltr'>fi</span> <span class='ocrx_word' id='word_1_315' title='bbox 1139 2089 1281 2140; x_wconf 82' lang='lat' dir='ltr'>placet,</span> <span class='ocrx_word' id='word_1_316' title='bbox 1308 2086 1434 2128; x_wconf 86' lang='lat' dir='ltr'>Matth</span> <span class='ocrx_word' id='word_1_317' title='bbox 1474 2096 1532 2132; x_wconf 84' lang='lat'>11,</span> <span class='ocrx_word' id='word_1_318' title='bbox 1555 2093 1611 2127; x_wconf 89' lang='lat'>18.</span> <span class='ocrx_word' id='word_1_319' title='bbox 1639 2087 1747 2124; x_wconf 85' lang='lat' dir='ltr'>Marc</span> <span class='ocrx_word' id='word_1_320' title='bbox 1779 2087 1815 2132; x_wconf 81' lang='lat'>6,</span> <span class='ocrx_word' id='word_1_321' title='bbox 1839 2097 1899 2131; x_wconf 75' lang='lat'>17·</span> <span class='ocrx_word' id='word_1_322' title='bbox 1927 2100 1961 2133; x_wconf 84' lang='grc'>7,</span> <span class='ocrx_word' id='word_1_323' title='bbox 1983 2096 2044 2133; x_wconf 74' lang='lat'>25.</span> <span class='ocrx_word' id='word_1_324' title='bbox 2070 2087 2151 2124; x_wconf 92' lang='lat' dir='ltr'>Luc</span> <span class='ocrx_word' id='word_1_325' title='bbox 2187 2096 2220 2130; x_wconf 88' lang='lat'>1,</span> <span class='ocrx_word' id='word_1_326' title='bbox 2244 2089 2305 2125; x_wconf 86' lang='lat'>18.</span> 
     </span>
     <span class='ocr_line' id='line_1_30' title="bbox 202 2135 2306 2190; baseline -0.007 -3"><span class='ocrx_word' id='word_1_327' title='bbox 202 2141 242 2187; x_wconf 84' lang='lat'>6,</span> <span class='ocrx_word' id='word_1_328' title='bbox 260 2151 327 2186; x_wconf 75' lang='lat'>44·</span> <span class='ocrx_word' id='word_1_329' title='bbox 355 2149 392 2184; x_wconf 71' lang='lat'>72</span> <span class='ocrx_word' id='word_1_330' title='bbox 413 2150 474 2182; x_wconf 84' lang='lat'>33·</span> <span class='ocrx_word' id='word_1_331' title='bbox 500 2150 558 2182; x_wconf 84' lang='lat'>¹4,</span> <span class='ocrx_word' id='word_1_332' title='bbox 582 2146 644 2178; x_wconf 86' lang='lat'>28.</span> <span class='ocrx_word' id='word_1_333' title='bbox 677 2149 736 2183; x_wconf 81' lang='lat'>17,</span> <span class='ocrx_word' id='word_1_334' title='bbox 755 2151 818 2185; x_wconf 54' lang='lat'>24⁴</span> <span class='ocrx_word' id='word_1_335' title='bbox 872 2142 1125 2190; x_wconf 74' lang='lat' dir='ltr'>Praeterquam</span> <span class='ocrx_word' id='word_1_336' title='bbox 1145 2141 1250 2190; x_wconf 85' lang='lat' dir='ltr'>quod</span> <span class='ocrx_word' id='word_1_337' title='bbox 1268 2140 1487 2178; x_wconf 74' lang='lat' dir='ltr'>coniunffio</span> <span class='ocrx_word' id='word_1_338' title='bbox 1505 2136 1656 2177; x_wconf 80' lang='lat' dir='ltr'>causalis</span> <span class='ocrx_word' id='word_1_339' title='bbox 1681 2137 1753 2184; x_wconf 91' lang='lat' dir='ltr'>est,</span> <span class='ocrx_word' id='word_1_340' title='bbox 1791 2138 1995 2190; x_wconf 86' lang='lat' dir='ltr'>aliquando</span> <span class='ocrx_word' id='word_1_341' title='bbox 2025 2150 2096 2176; x_wconf 91' lang='lat' dir='ltr'>ceu</span> <span class='ocrx_word' id='word_1_342' title='bbox 2123 2135 2306 2187; x_wconf 85' lang='lat' dir='ltr'>expletiva</span> 
     </span>
     <span class='ocr_line' id='line_1_31' title="bbox 199 2187 2306 2244; baseline -0.004 -14"><span class='ocrx_word' id='word_1_343' title='bbox 199 2190 392 2244; x_wconf 83' lang='lat' dir='ltr'>particulis</span> <span class='ocrx_word' id='word_1_344' title='bbox 408 2187 638 2240; x_wconf 88' lang='lat' dir='ltr'>quibusdam</span> <span class='ocrx_word' id='word_1_345' title='bbox 657 2199 811 2227; x_wconf 88' lang='lat' dir='ltr'>ornatus</span> <span class='ocrx_word' id='word_1_346' title='bbox 828 2191 947 2240; x_wconf 84' lang='lat' dir='ltr'>gratia</span> <span class='ocrx_word' id='word_1_347' title='bbox 964 2191 1077 2229; x_wconf 84' lang='lat' dir='ltr'>adiici</span> <span class='ocrx_word' id='word_1_348' title='bbox 1097 2192 1266 2229; x_wconf 88' lang='lat' dir='ltr'>videtur:</span> <span class='ocrx_word' id='word_1_349' title='bbox 1300 2194 1407 2229; x_wconf 89' lang='lat' dir='ltr'>Marc</span> <span class='ocrx_word' id='word_1_350' title='bbox 1439 2202 1474 2234; x_wconf 91' lang='lat'>7,</span> <span class='ocrx_word' id='word_1_351' title='bbox 1499 2201 1562 2226; x_wconf 73' lang='grc' dir='ltr'>ιο.</span> <span class='ocrx_word' id='word_1_352' title='bbox 1581 2192 1671 2227; x_wconf 87' lang='lat' dir='ltr'>Luc.</span> <span class='ocrx_word' id='word_1_353' title='bbox 1695 2198 1754 2235; x_wconf 88' lang='lat'>18,</span> <span class='ocrx_word' id='word_1_354' title='bbox 1780 2202 1840 2235; x_wconf 81' lang='lat'>14.</span> <span class='ocrx_word' id='word_1_355' title='bbox 1863 2192 1895 2227; x_wconf 74' lang='lat'>8&lt;</span> <span class='ocrx_word' id='word_1_356' title='bbox 1916 2189 2067 2239; x_wconf 81' lang='lat' dir='ltr'>passim:</span> <span class='ocrx_word' id='word_1_357' title='bbox 2092 2187 2306 2226; x_wconf 83' lang='lat' dir='ltr'>Wachterus</span> 
     </span>
     <span class='ocr_line' id='line_1_32' title="bbox 200 2235 2302 2294; baseline -0.003 -11"><span class='ocrx_word' id='word_1_358' title='bbox 200 2243 374 2284; x_wconf 86' lang='lat' dir='ltr'>nostrum</span> <span class='ocrx_word' id='word_1_359' title='bbox 401 2240 544 2287; x_wconf 82' lang='lat' dir='ltr'>raihtis,</span> <span class='ocrx_word' id='word_1_360' title='bbox 572 2241 668 2287; x_wconf 88' lang='lat' dir='ltr'>iam,</span> <span class='ocrx_word' id='word_1_361' title='bbox 696 2253 821 2286; x_wconf 90' lang='lat' dir='ltr'>nunc,</span> <span class='ocrx_word' id='word_1_362' title='bbox 850 2240 1058 2293; x_wconf 80' lang='lat' dir='ltr'>fignificare</span> <span class='ocrx_word' id='word_1_363' title='bbox 1078 2244 1170 2284; x_wconf 85' lang='lat' dir='ltr'>Luc.</span> <span class='ocrx_word' id='word_1_364' title='bbox 1195 2254 1228 2291; x_wconf 86' lang='lat'>1,</span> <span class='ocrx_word' id='word_1_365' title='bbox 1251 2250 1311 2285; x_wconf 90' lang='lat'>18.</span> <span class='ocrx_word' id='word_1_366' title='bbox 1332 2252 1446 2294; x_wconf 88' lang='lat' dir='ltr'>atque</span> <span class='ocrx_word' id='word_1_367' title='bbox 1462 2239 1556 2280; x_wconf 89' lang='lat' dir='ltr'>adeo</span> <span class='ocrx_word' id='word_1_368' title='bbox 1571 2238 1685 2279; x_wconf 84' lang='lat' dir='ltr'>affine</span> <span class='ocrx_word' id='word_1_369' title='bbox 1712 2238 1784 2279; x_wconf 82' lang='lat' dir='ltr'>effe</span> <span class='ocrx_word' id='word_1_370' title='bbox 1801 2239 1936 2279; x_wconf 85' lang='lat' dir='ltr'>Germ.</span> <span class='ocrx_word' id='word_1_371' title='bbox 1961 2241 2099 2278; x_wconf 87' lang='lat' dir='ltr'>Bereits</span> <span class='ocrx_word' id='word_1_372' title='bbox 2120 2240 2163 2278; x_wconf 90' lang='lat' dir='ltr'>in</span> <span class='ocrx_word' id='word_1_373' title='bbox 2187 2235 2302 2277; x_wconf 84' lang='lat' dir='ltr'>Gloss.</span> 
     </span>
     <span class='ocr_line' id='line_1_33' title="bbox 198 2291 900 2345; baseline -0.004 -8"><span class='ocrx_word' id='word_1_374' title='bbox 198 2297 321 2337; x_wconf 81' lang='lat' dir='ltr'>docet.</span> <span class='ocrx_word' id='word_1_375' title='bbox 353 2293 426 2335; x_wconf 91' lang='lat' dir='ltr'>Sed</span> <span class='ocrx_word' id='word_1_376' title='bbox 443 2291 667 2345; x_wconf 83' lang='lat' dir='ltr'>profitemur</span> <span class='ocrx_word' id='word_1_377' title='bbox 685 2291 900 2334; x_wconf 71' lang='lat' dir='ltr'>diffenfiim.</span> 
     </span>
    </p>
   </div>
   <div class='ocr_carea' id='block_1_8' title="bbox 146 2360 2306 2672">
    <p class='ocr_par' dir='ltr' id='par_1_10' title="bbox 146 2360 2306 2672">
     <span class='ocr_line' id='line_1_34' title="bbox 146 2360 2306 2422; baseline -0.005 -12"><span class='ocrx_word' id='word_1_378' title='bbox 146 2367 249 2422; x_wconf 55' lang='lat' dir='ltr'>b)‚B,</span> <span class='ocrx_word' id='word_1_379' title='bbox 270 2366 384 2407; x_wconf 88' lang='lat' dir='ltr'>idem.</span> <span class='ocrx_word' id='word_1_380' title='bbox 413 2379 449 2406; x_wconf 78' lang='lat' dir='ltr'>v.</span> <span class='ocrx_word' id='word_1_381' title='bbox 467 2364 606 2406; x_wconf 83' lang='lat' dir='ltr'>Matth.</span> <span class='ocrx_word' id='word_1_382' title='bbox 628 2374 664 2412; x_wconf 72' lang='lat'>52</span> <span class='ocrx_word' id='word_1_383' title='bbox 686 2374 731 2411; x_wconf 76' lang='lat'>35</span> <span class='ocrx_word' id='word_1_384' title='bbox 881 2365 933 2404; x_wconf 91' lang='lat' dir='ltr'>St.</span> <span class='ocrx_word' id='word_1_385' title='bbox 951 2363 1138 2412; x_wconf 79' lang='lat' dir='ltr'>thiudans,</span> <span class='ocrx_word' id='word_1_386' title='bbox 1166 2362 1268 2405; x_wconf 87' lang='lat' dir='ltr'>casus</span> <span class='ocrx_word' id='word_1_387' title='bbox 1284 2365 1426 2412; x_wconf 64' lang='lat' dir='ltr'>metus,</span> <span class='ocrx_word' id='word_1_388' title='bbox 1455 2377 1573 2417; x_wconf 88' lang='lat' dir='ltr'>quem</span> <span class='ocrx_word' id='word_1_389' title='bbox 1589 2365 1683 2404; x_wconf 83' lang='lat' dir='ltr'>ratio</span> <span class='ocrx_word' id='word_1_390' title='bbox 1703 2362 1987 2403; x_wconf 61' lang='lat' dir='ltr'>constructionis</span> <span class='ocrx_word' id='word_1_391' title='bbox 2004 2361 2039 2400; x_wconf 87' lang='lat' dir='ltr'>h.</span> <span class='ocrx_word' id='word_1_392' title='bbox 2062 2362 2086 2400; x_wconf 94' lang='lat' dir='ltr'>l.</span> <span class='ocrx_word' id='word_1_393' title='bbox 2105 2360 2306 2401; x_wconf 83' lang='lat' dir='ltr'>admittere</span> 
     </span>
     <span class='ocr_line' id='line_1_35' title="bbox 199 2414 2305 2473; baseline -0.004 -12"><span class='ocrx_word' id='word_1_394' title='bbox 199 2421 350 2473; x_wconf 66' lang='lat' dir='ltr'>nequit.</span> <span class='ocrx_word' id='word_1_395' title='bbox 399 2418 601 2458; x_wconf 83' lang='lat' dir='ltr'>Familiam</span> <span class='ocrx_word' id='word_1_396' title='bbox 622 2417 723 2456; x_wconf 91' lang='lat' dir='ltr'>vocis</span> <span class='ocrx_word' id='word_1_397' title='bbox 746 2416 784 2456; x_wconf 88' lang='lat' dir='ltr'>di</span> <span class='ocrx_word' id='word_1_398' title='bbox 864 2429 947 2456; x_wconf 87' lang='lat' dir='ltr'>nter</span> <span class='ocrx_word' id='word_1_399' title='bbox 962 2418 1155 2458; x_wconf 77' lang='lat' dir='ltr'>recenstnt</span> <span class='ocrx_word' id='word_1_400' title='bbox 1170 2418 1263 2467; x_wconf 86' lang='lat' dir='ltr'>Jun.</span> <span class='ocrx_word' id='word_1_401' title='bbox 1288 2418 1328 2457; x_wconf 88' lang='lat' dir='ltr'>in</span> <span class='ocrx_word' id='word_1_402' title='bbox 1347 2417 1499 2457; x_wconf 74' lang='lat' dir='ltr'>Glossar.</span> <span class='ocrx_word' id='word_1_403' title='bbox 1520 2415 1642 2457; x_wconf 91' lang='lat' dir='ltr'>Goth.</span> <span class='ocrx_word' id='word_1_404' title='bbox 1662 2431 1701 2470; x_wconf 87' lang='lat' dir='ltr'>p.</span> <span class='ocrx_word' id='word_1_405' title='bbox 1724 2423 1810 2465; x_wconf 85' lang='lat'><strong>348.</strong></span> <span class='ocrx_word' id='word_1_406' title='bbox 1836 2414 1896 2467; x_wconf 91' lang='lat' dir='ltr'>seq</span> <span class='ocrx_word' id='word_1_407' title='bbox 1940 2415 2002 2454; x_wconf 92' lang='lat' dir='ltr'>cui</span> <span class='ocrx_word' id='word_1_408' title='bbox 2028 2414 2226 2461; x_wconf 80' lang='lat' dir='ltr'>addimus,</span> <span class='ocrx_word' id='word_1_409' title='bbox 2256 2426 2305 2452; x_wconf 83' lang='lat' dir='ltr'>ex</span> 
     </span>
     <span class='ocr_line' id='line_1_36' title="bbox 200 2466 2303 2522; baseline -0.004 -10"><span class='ocrx_word' id='word_1_410' title='bbox 200 2471 507 2513; x_wconf 87' lang='lat' dir='ltr'>annotationibus</span> <span class='ocrx_word' id='word_1_411' title='bbox 529 2469 656 2508; x_wconf 85' lang='lat' dir='ltr'>Vereliz·</span> <span class='ocrx_word' id='word_1_412' title='bbox 673 2469 719 2508; x_wconf 87' lang='lat' dir='ltr'>ad</span> <span class='ocrx_word' id='word_1_413' title='bbox 741 2471 862 2511; x_wconf 70' lang='lat' dir='ltr'>Herv.</span> <span class='ocrx_word' id='word_1_414' title='bbox 885 2471 970 2521; x_wconf 83' lang='lat' dir='ltr'>Sag.</span> <span class='ocrx_word' id='word_1_415' title='bbox 993 2484 1015 2510; x_wconf 74' lang='lat' dir='ltr'>e</span> <span class='ocrx_word' id='word_1_416' title='bbox 1047 2483 1105 2517; x_wconf 87' lang='lat'>¹7·</span> <span class='ocrx_word' id='word_1_417' title='bbox 1132 2485 1156 2522; x_wconf 93' lang='lat' dir='ltr'>p</span> <span class='ocrx_word' id='word_1_418' title='bbox 1199 2470 1281 2515; x_wconf 86' lang='lat'>164.</span> <span class='ocrx_word' id='word_1_419' title='bbox 1318 2471 1462 2510; x_wconf 83' lang='lat' dir='ltr'>tradere</span> <span class='ocrx_word' id='word_1_420' title='bbox 1486 2471 1612 2509; x_wconf 88' lang='lat' dir='ltr'>virum</span> <span class='ocrx_word' id='word_1_421' title='bbox 1641 2470 1746 2509; x_wconf 90' lang='lat' dir='ltr'>hunc</span> <span class='ocrx_word' id='word_1_422' title='bbox 1777 2469 1990 2514; x_wconf 87' lang='lat' dir='ltr'>eruditum,</span> <span class='ocrx_word' id='word_1_423' title='bbox 2030 2466 2192 2504; x_wconf 62' lang='lat' dir='ltr'>this-dans</span> <span class='ocrx_word' id='word_1_424' title='bbox 2223 2478 2303 2504; x_wconf 89' lang='lat' dir='ltr'>em-</span> 
     </span>
     <span class='ocr_line' id='line_1_37' title="bbox 199 2517 2304 2578; baseline -0.003 -14"><span class='ocrx_word' id='word_1_425' title='bbox 199 2525 396 2578; x_wconf 86' lang='lat' dir='ltr'>phaticum</span> <span class='ocrx_word' id='word_1_426' title='bbox 419 2524 520 2576; x_wconf 82' lang='lat' dir='ltr'>regis</span> <span class='ocrx_word' id='word_1_427' title='bbox 535 2536 699 2569; x_wconf 84' lang='lat' dir='ltr'>nomen,</span> <span class='ocrx_word' id='word_1_428' title='bbox 729 2521 949 2562; x_wconf 88' lang='lat' dir='ltr'>descendere</span> <span class='ocrx_word' id='word_1_429' title='bbox 972 2537 993 2562; x_wconf 78' lang='lat' dir='ltr'>a</span> <span class='ocrx_word' id='word_1_430' title='bbox 1017 2523 1131 2570; x_wconf 75' lang='lat' dir='ltr'>tlziod,</span> <span class='ocrx_word' id='word_1_431' title='bbox 1161 2523 1345 2575; x_wconf 84' lang='lat' dir='ltr'>populus,</span> <span class='ocrx_word' id='word_1_432' title='bbox 1375 2525 1409 2562; x_wconf 74' lang='grc' dir='ltr'>ὅ(</span> <span class='ocrx_word' id='word_1_433' title='bbox 1429 2536 1521 2561; x_wconf 83' lang='lat' dir='ltr'>anna</span> <span class='ocrx_word' id='word_1_434' title='bbox 1539 2524 1598 2561; x_wconf 92' lang='lat' dir='ltr'>vel</span> <span class='ocrx_word' id='word_1_435' title='bbox 1617 2522 1719 2572; x_wconf 77' lang='lat' dir='ltr'>anfiz,</span> <span class='ocrx_word' id='word_1_436' title='bbox 1746 2535 1892 2567; x_wconf 85' lang='lat' dir='ltr'>curare,</span> <span class='ocrx_word' id='word_1_437' title='bbox 1940 2533 1975 2571; x_wconf 93' lang='lat' dir='ltr'>q.</span> <span class='ocrx_word' id='word_1_438' title='bbox 2005 2518 2040 2556; x_wconf 89' lang='lat' dir='ltr'>d.</span> <span class='ocrx_word' id='word_1_439' title='bbox 2070 2529 2218 2556; x_wconf 83' lang='lat' dir='ltr'>curator</span> <span class='ocrx_word' id='word_1_440' title='bbox 2242 2517 2304 2557; x_wconf 87' lang='lat' dir='ltr'>vel</span> 
     </span>
     <span class='ocr_line' id='line_1_38' title="bbox 198 2571 2301 2667; baseline -0.005 -49"><span class='ocrx_word' id='word_1_441' title='bbox 198 2589 302 2618; x_wconf 88' lang='lat' dir='ltr'>tutor</span> <span class='ocrx_word' id='word_1_442' title='bbox 318 2576 471 2667; x_wconf 41' lang='lat' dir='ltr'>popalil.³</span> <span class='ocrx_word' id='word_1_443' title='bbox 519 2574 695 2614; x_wconf 78' lang='lat' dir='ltr'>Thiodans</span> <span class='ocrx_word' id='word_1_444' title='bbox 713 2574 822 2623; x_wconf 81' lang='lat' dir='ltr'>kone,</span> <span class='ocrx_word' id='word_1_445' title='bbox 841 2576 944 2627; x_wconf 82' lang='lat' dir='ltr'>regis</span> <span class='ocrx_word' id='word_1_446' title='bbox 960 2588 1078 2625; x_wconf 87' lang='lat' dir='ltr'>uxor,</span> <span class='ocrx_word' id='word_1_447' title='bbox 1104 2578 1214 2616; x_wconf 84' lang='lat' dir='ltr'>Runa</span> <span class='ocrx_word' id='word_1_448' title='bbox 1238 2589 1316 2628; x_wconf 82' lang='lat' dir='ltr'>cap.</span> <span class='ocrx_word' id='word_1_449' title='bbox 1344 2588 1380 2629; x_wconf 90' lang='lat'>9.</span> <span class='ocrx_word' id='word_1_450' title='bbox 1437 2575 1511 2616; x_wconf 87' lang='lat' dir='ltr'>Sed</span> <span class='ocrx_word' id='word_1_451' title='bbox 1529 2576 1689 2614; x_wconf 90' lang='lat' dir='ltr'>omnino</span> <span class='ocrx_word' id='word_1_452' title='bbox 1714 2573 1858 2626; x_wconf 82' lang='lat' dir='ltr'>praestat</span> <span class='ocrx_word' id='word_1_453' title='bbox 1879 2586 1941 2611; x_wconf 84' lang='lat' dir='ltr'>ans</span> <span class='ocrx_word' id='word_1_454' title='bbox 1960 2584 2028 2624; x_wconf 87' lang='lat' dir='ltr'>pro</span> <span class='ocrx_word' id='word_1_455' title='bbox 2045 2583 2150 2610; x_wconf 80' lang='lat' dir='ltr'>mera</span> <span class='ocrx_word' id='word_1_456' title='bbox 2173 2571 2301 2609; x_wconf 82' lang='lat' dir='ltr'>termi-</span> 
     </span>
     <span class='ocr_line' id='line_1_39' title="bbox 195 2641 545 2672; baseline -0.014 0"><span class='ocrx_word' id='word_1_457' title='bbox 195 2641 350 2672; x_wconf 76' lang='lat' dir='ltr'>natione</span> <span class='ocrx_word' id='word_1_458' title='bbox 426 2641 445 2667; x_wconf 82' lang='lat' dir='ltr'>a</span> <span class='ocrx_word' id='word_1_459' title='bbox 475 2641 545 2668; x_wconf 88' lang='lat' dir='ltr'>ere.</span> 
     </span>
    </p>
   </div>
   <div class='ocr_carea' id='block_1_9' title="bbox 145 2695 2303 2911">
    <p class='ocr_par' dir='ltr' id='par_1_11' title="bbox 145 2695 2303 2911">
     <span class='ocr_line' id='line_1_40' title="bbox 145 2695 2303 2756; baseline -0.003 -14"><span class='ocrx_word' id='word_1_460' title='bbox 145 2703 182 2756; x_wconf 70' lang='grc' dir='ltr'>ο)</span> <span class='ocrx_word' id='word_1_461' title='bbox 207 2695 269 2742; x_wconf 80' lang='lat' dir='ltr'>Sic</span> <span class='ocrx_word' id='word_1_462' title='bbox 285 2702 320 2754; x_wconf 88' lang='lat' dir='ltr'>J.</span> <span class='ocrx_word' id='word_1_463' title='bbox 341 2701 382 2738; x_wconf 89' lang='lat' dir='ltr'>B.</span> <span class='ocrx_word' id='word_1_464' title='bbox 402 2700 437 2738; x_wconf 86' lang='lat'>&amp;</span> <span class='ocrx_word' id='word_1_465' title='bbox 454 2697 528 2738; x_wconf 87' lang='lat' dir='ltr'>cod</span> <span class='ocrx_word' id='word_1_466' title='bbox 562 2696 679 2740; x_wconf 79' lang='lat' dir='ltr'>Mser.</span> <span class='ocrx_word' id='word_1_467' title='bbox 748 2697 919 2751; x_wconf 88' lang='lat' dir='ltr'>Ideoque</span> <span class='ocrx_word' id='word_1_468' title='bbox 942 2699 1137 2739; x_wconf 83' lang='lat' dir='ltr'>reiicimus</span> <span class='ocrx_word' id='word_1_469' title='bbox 1161 2698 1185 2738; x_wconf 87' lang='grc' dir='ltr'>Ιι</span> <span class='ocrx_word' id='word_1_470' title='bbox 1208 2699 1392 2751; x_wconf 86' lang='lat' dir='ltr'>posterius</span> <span class='ocrx_word' id='word_1_471' title='bbox 1414 2700 1516 2753; x_wconf 82' lang='lat' dir='ltr'>apud</span> <span class='ocrx_word' id='word_1_472' title='bbox 1536 2702 1589 2742; x_wconf 90' lang='lat' dir='ltr'>St.</span> <span class='ocrx_word' id='word_1_473' title='bbox 1616 2701 1826 2751; x_wconf 85' lang='lat' dir='ltr'>eademque</span> <span class='ocrx_word' id='word_1_474' title='bbox 1854 2697 2119 2738; x_wconf 90' lang='lat' dir='ltr'>emendatione</span> <span class='ocrx_word' id='word_1_475' title='bbox 2152 2695 2233 2735; x_wconf 89' lang='lat' dir='ltr'>indi</span> <span class='ocrx_word' id='word_1_476' title='bbox 2265 2704 2303 2737; x_wconf 83' lang='lat' dir='ltr'>et</span> 
     </span>
     <span class='ocr_line' id='line_1_41' title="bbox 202 2747 2302 2804; baseline -0.004 -9"><span class='ocrx_word' id='word_1_477' title='bbox 202 2756 283 2795; x_wconf 90' lang='lat' dir='ltr'>eius</span> <span class='ocrx_word' id='word_1_478' title='bbox 301 2750 549 2804; x_wconf 82' lang='lat' dir='ltr'>Gloff.Ulph.</span> <span class='ocrx_word' id='word_1_479' title='bbox 572 2747 690 2790; x_wconf 87' lang='lat' dir='ltr'>Goth.</span> <span class='ocrx_word' id='word_1_480' title='bbox 709 2751 752 2790; x_wconf 89' lang='lat' dir='ltr'>in</span> <span class='ocrx_word' id='word_1_481' title='bbox 767 2765 860 2791; x_wconf 88' lang='lat' dir='ltr'>voce</span> <span class='ocrx_word' id='word_1_482' title='bbox 879 2766 915 2804; x_wconf 73' lang='lat' dir='ltr'>p,</span> <span class='ocrx_word' id='word_1_483' title='bbox 937 2764 996 2802; x_wconf 90' lang='lat'>90.</span> <span class='ocrx_word' id='word_1_484' title='bbox 1015 2752 1150 2800; x_wconf 77' lang='lat' dir='ltr'>hlauts,</span> <span class='ocrx_word' id='word_1_485' title='bbox 1171 2752 1266 2801; x_wconf 89' lang='lat' dir='ltr'>sors,</span> <span class='ocrx_word' id='word_1_486' title='bbox 1294 2752 1411 2793; x_wconf 85' lang='lat' dir='ltr'>Sueth</span> <span class='ocrx_word' id='word_1_487' title='bbox 1449 2753 1532 2801; x_wconf 80' lang='lat' dir='ltr'>Iott,</span> <span class='ocrx_word' id='word_1_488' title='bbox 1562 2754 1678 2794; x_wconf 90' lang='lat' dir='ltr'>idem.</span> <span class='ocrx_word' id='word_1_489' title='bbox 1743 2751 1880 2792; x_wconf 81' lang='lat' dir='ltr'>Island.</span> <span class='ocrx_word' id='word_1_490' title='bbox 1921 2750 1962 2788; x_wconf 58' lang='grc' dir='ltr'>ΙιΙ»</span> <span class='ocrx_word' id='word_1_491' title='bbox 1980 2763 2015 2795; x_wconf 84' lang='lat' dir='ltr'>t,</span> <span class='ocrx_word' id='word_1_492' title='bbox 2051 2748 2167 2796; x_wconf 79' lang='grc' dir='ltr'><em>ΙιΙητν,</em></span> <span class='ocrx_word' id='word_1_493' title='bbox 2211 2748 2232 2786; x_wconf 76' lang='grc' dir='ltr'>Ιι</span> <span class='ocrx_word' id='word_1_494' title='bbox 2247 2760 2302 2787; x_wconf 81' lang='lat' dir='ltr'>ut-</span> 
     </span>
     <span class='ocr_line' id='line_1_42' title="bbox 192 2801 2299 2858; baseline -0.003 -12"><span class='ocrx_word' id='word_1_495' title='bbox 192 2807 289 2858; x_wconf 84' lang='lat' dir='ltr'>fall‚</span> <span class='ocrx_word' id='word_1_496' title='bbox 326 2805 495 2846; x_wconf 60' lang='lat' dir='ltr'>coniecto</span> <span class='ocrx_word' id='word_1_497' title='bbox 519 2801 695 2850; x_wconf 88' lang='lat' dir='ltr'>sortium,</span> <span class='ocrx_word' id='word_1_498' title='bbox 730 2802 850 2842; x_wconf 81' lang='lat' dir='ltr'>hlauta</span> <span class='ocrx_word' id='word_1_499' title='bbox 873 2807 1055 2856; x_wconf 79' lang='lat' dir='ltr'>wairpan,</span> <span class='ocrx_word' id='word_1_500' title='bbox 1094 2808 1211 2846; x_wconf 84' lang='lat' dir='ltr'>Marc</span> <span class='ocrx_word' id='word_1_501' title='bbox 1250 2817 1307 2853; x_wconf 75' lang='grc' dir='ltr'>ις,</span> <span class='ocrx_word' id='word_1_502' title='bbox 1337 2819 1400 2854; x_wconf 86' lang='lat'>²4-</span> <span class='ocrx_word' id='word_1_503' title='bbox 1428 2806 1545 2845; x_wconf 86' lang='lat' dir='ltr'>Sueth</span> <span class='ocrx_word' id='word_1_504' title='bbox 1590 2806 1694 2852; x_wconf 78' lang='lat' dir='ltr'>Iona,</span> <span class='ocrx_word' id='word_1_505' title='bbox 1728 2806 1775 2844; x_wconf 86' lang='lat' dir='ltr'>Isl</span> <span class='ocrx_word' id='word_1_506' title='bbox 1810 2803 1959 2854; x_wconf 76' lang='lat' dir='ltr'>lzlmast,</span> <span class='ocrx_word' id='word_1_507' title='bbox 1998 2801 2135 2842; x_wconf 89' lang='lat' dir='ltr'>sortem</span> <span class='ocrx_word' id='word_1_508' title='bbox 2166 2802 2299 2849; x_wconf 81' lang='lat' dir='ltr'>iacere,</span> 
     </span>
     <span class='ocr_line' id='line_1_43' title="bbox 201 2852 2297 2911; baseline -0.002 -12"><span class='ocrx_word' id='word_1_509' title='bbox 201 2859 339 2901; x_wconf 74' lang='lat' dir='ltr'>sortiri.</span> <span class='ocrx_word' id='word_1_510' title='bbox 365 2857 504 2903; x_wconf 84' lang='lat' dir='ltr'>Gothr.</span> <span class='ocrx_word' id='word_1_511' title='bbox 527 2858 565 2897; x_wconf 75' lang='grc' dir='ltr'>ὅ(</span> <span class='ocrx_word' id='word_1_512' title='bbox 590 2855 688 2899; x_wconf 84' lang='lat' dir='ltr'>Rolf.</span> <span class='ocrx_word' id='word_1_513' title='bbox 711 2857 798 2909; x_wconf 84' lang='lat' dir='ltr'>Sag.</span> <span class='ocrx_word' id='word_1_514' title='bbox 826 2869 863 2903; x_wconf 58' lang='lat' dir='ltr'>c,</span> <span class='ocrx_word' id='word_1_515' title='bbox 884 2869 920 2906; x_wconf 85' lang='lat'>7.</span> <span class='ocrx_word' id='word_1_516' title='bbox 946 2871 986 2910; x_wconf 78' lang='lat' dir='ltr'>p.</span> <span class='ocrx_word' id='word_1_517' title='bbox 1009 2869 1069 2909; x_wconf 82' lang='lat'>34.</span> <span class='ocrx_word' id='word_1_518' title='bbox 1133 2858 1330 2901; x_wconf 85' lang='lat' dir='ltr'>Consentit</span> <span class='ocrx_word' id='word_1_519' title='bbox 1357 2857 1563 2911; x_wconf 78' lang='lat' dir='ltr'>Anglosax.</span> <span class='ocrx_word' id='word_1_520' title='bbox 1588 2859 1678 2910; x_wconf 85' lang='lat' dir='ltr'>lzlet,</span> <span class='ocrx_word' id='word_1_521' title='bbox 1720 2857 1815 2910; x_wconf 67' lang='lat' dir='ltr'><em>hlyt,</em></span> <span class='ocrx_word' id='word_1_522' title='bbox 1837 2869 1887 2905; x_wconf 51' lang='lat' dir='ltr'>‚v.</span> <span class='ocrx_word' id='word_1_523' title='bbox 1912 2855 2014 2907; x_wconf 76' lang='lat' dir='ltr'>Jun.</span> <span class='ocrx_word' id='word_1_524' title='bbox 2037 2853 2157 2898; x_wconf 80' lang='lat' dir='ltr'>Gloff.</span> <span class='ocrx_word' id='word_1_525' title='bbox 2176 2852 2297 2895; x_wconf 81' lang='lat' dir='ltr'>Goth.</span> 
     </span>
    </p>
   </div>
   <div class='ocr_carea' id='block_1_10' title="bbox 201 2923 355 2967">
    <p class='ocr_par' dir='ltr' id='par_1_12' title="bbox 201 2923 355 2967">
     <span class='ocr_line' id='line_1_44' title="bbox 201 2923 355 2967; baseline -0.006 0"><span class='ocrx_word' id='word_1_526' title='bbox 201 2927 240 2967; x_wconf 75' lang='lat' dir='ltr'>P·</span> <span class='ocrx_word' id='word_1_527' title='bbox 267 2923 355 2966; x_wconf 79' lang='lat'>¹97·</span> 
     </span>
    </p>
   </div>
  </div>
 </body>
</html>
