2473 3380
162 163 231 213 w
875 141 1668 197 EVANGELIUM

170 279 248 327 14,
285 262 349 308 ith
379 258 607 323 baurgjans
637 258 673 304 is
701 254 935 321 fijaidedun
968 257 1035 300 ina
1064 255 1138 316 jah
1165 254 1227 298 in-

234 326 502 377 sandidedun
533 331 640 374 airu
669 323 716 386 s)
750 319 862 385 afar
891 325 1041 370 imma.
1075 317 1226 384 quitlz·

233 396 424 446 andam.
452 396 499 440 ni
526 395 714 441 wileima
747 388 886 438 chana
911 393 951 445 t)
979 384 1226 435 thiudanon
1280 409 1286 411 -

233 462 348 524 ufar
367 461 510 525 wfis:

171 546 250 594 ις.
275 526 367 595 jah
405 522 552 573 wartlz
595 520 641 570 bi
681 517 754 568 the
793 516 1056 569 atwandida
1072 517 1146 586 fik
1178 521 1227 581 v)

233 595 366 660 aftra
437 586 741 638 andnimands
848 585 1229 652 tlziudangardja.

222 660 313 728 jalz
341 655 518 707 haihait
555 656 727 721 wopjan
768 652 828 702 du
846 654 915 720 fis
944 649 1077 701 tlzans
1091 652 1230 716 skal·

231 727 348 778 kans
376 723 561 774 thaimei
590 718 734 787 atgaf
746 719 883 769 thata
903 718 1056 785 silubr
1081 719 1143 782 x)
1193 722 1232 767 ei

228 789 569 911 getilfunnaidedi
596 788 685 855 qha
711 785 957 854 qlzarjizulz
979 783 1233 852 gawaurlz-

171 860 608 994 16ieqieag)tlza›zstz
618 919 841 987 frumssa
860 917 1114 986 quitlzandS.
1124 914 1230 982 fan⁴

217 993 266 1062 s
268 995 396 1045 kam
438 992 584 1040 theim
605 986 880 1057 gawaurlzta
907 985 1067 1037 taihun
1088 985 1231 1052 skat-

175 1076 355 1196 ‘7332
367 1122 505 1194 quatt'z
523 1122 584 1173 a'u
604 1127 757 1172 imma⁴
770 1122 911 1170 waila
926 1119 1048 1186 goda
1053 1118 1234 1183 skalk.

234 1208 339 1249 unte
360 1200 409 1243 in
427 1191 725 1241 ateitilamma
746 1191 846 1254 wqst
857 1191 1067 1253 triggws.
1089 1186 1232 1251 fijai:

235 1256 459 1324 waldufni

240 1328 488 1395 baurgim:

176 1407 253 1456 18.
296 1397 378 1459 jah
429 1408 564 1459 quam
619 1387 792 1439 anthar
837 1384 1081 1453 quithana's
1119 1380 1232 1447 fan.

223 1460 395 1529 skatts
415 1464 558 1510 theim
576 1451 854 1525 gawaurlzta
861 1451 985 1520 fimf
987 1449 1232 1516 skattans:

174 1547 251 1591 19.
286 1526 427 1596 quath
456 1525 567 1575 than
586 1523 671 1587 jah
703 1522 763 1570 du
795 1522 1013 1569 thamma.
1036 1518 1130 1581 jah
1151 1516 1232 1565 thu

220 1598 359 1664 sijais
385 1591 522 1657 ufaro
551 1594 592 1650 =¹²)
609 1585 734 1657 fimf
752 1586 996 1652 baurgim:
1227 1651 1236 1660 ι

172 1679 255 1719 20.
279 1660 503 1729 jahficms
513 1660 576 1719 **)
595 1672 730 1723 quam
748 1651 1006 1719 quithands.
1030 1647 1140 1713 san.
1153 1645 1235 1713 fin

232 1729 291 1796 sa
310 1726 469 1793 skatts
496 1726 640 1774 theim
665 1723 814 1770 thanet·
832 1718 1032 1768 habaida
1046 1716 1236 1784 galagi-

235 1796 307 1846 da
334 1800 408 1844 ina
437 1798 482 1843 in
500 1790 653 1857 fanin.
684 1791 735 1849 α)

543 1254 750 1306 habands
801 1252 913 1318 ufar
961 1251 1122 1302 taihun
1174 1253 1231 1311 z)

1310 268 1381 314 14.
1426 255 1491 302 At
1519 258 1631 303 cives
1658 259 1750 304 eius
1781 258 1968 306 oderunt
2000 276 2124 316 eum,
2169 259 2212 305 ὃ(
2244 255 2366 306 mise·

1370 338 1473 367 runt
1492 323 1655 383 legatos
1679 323 1776 385 post
1796 343 1896 373 eum
1919 327 2130 373 dicentes:
2161 325 2367 373 nolumus

1369 387 1487 434 hunc
1513 405 1689 449 regnare
1716 388 1846 453 super
1863 410 1961 441 nOS.

1309 533 1383 581 15.
1419 522 1474 566 Et
1496 517 1662 566 sagium
1682 520 1740 571 est
1767 539 1867 570 cum
1899 524 2081 580 rediret,
2116 526 2277 570 iterum
2306 538 2370 567 re-

1374 587 1542 647 cipiens
1582 602 1792 648 regnum,
1846 590 1892 636 &
1916 589 2027 637 iuffit
2055 607 2208 637 vocare
2247 588 2301 634 ad
2327 584 2368 633 se

1374 649 1589 709 famulos,
1625 653 1783 712 quibus
1821 656 1994 702 dederat
2029 671 2284 718 argentum,
2319 669 2369 700 ut

1376 717 1655 780 cognosceret
1682 720 1789 780 quid
1819 724 2002 782 quisque
2023 719 2303 771 lucrifecerit.

1314 926 1391 968 16.
1423 920 1555 965 Venit
1577 920 1720 979 itaque
1747 921 1943 981 primuS,
1975 920 2140 977 dicens,
2177 919 2371 974 domine,

1371 987 1558 1047 pecunia
1578 1001 1649 1032 tua
1668 983 1884 1033 lucrifecit
1903 986 2053 1033 decem
2082 988 2305 1049 pecunias-

1318 1132 1393 1178 17.
1428 1121 1484 1164 Et
1505 1118 1612 1164 dixit
1642 1120 1704 1164 ei:
1740 1118 1871 1175 bene,
1898 1118 2013 1165 bone
2042 1116 2229 1173 famule,
2266 1133 2374 1176 quo·

1326 1186 1331 1192 ’
1378 1187 1496 1229 niam
1529 1186 1573 1230 in
1602 1187 1790 1231 minimo
1824 1182 1947 1231 fuisti
1975 1184 2139 1241 fidelis,
2176 1183 2226 1230 fis
2252 1198 2375 1245 pote·

1375 1248 1528 1296 statem
1556 1249 1718 1296 habens
1742 1248 1874 1313 super
1891 1252 2039 1298 decem
2062 1252 2207 1301 urbes.

1315 1389 1389 1437 18.
1423 1384 1478 1429 Et
1496 1385 1613 1429 venit
1641 1383 1749 1430 alter
1776 1383 1944 1429 dicens:
1981 1382 2172 1439 domine,
2193 1384 2377 1446 pecunia

1376 1464 1451 1495 tua
1470 1446 1684 1496 lucrifecit
1706 1451 1928 1508 quinque3
1949 1451 2171 1509 pecunias.

1314 1528 1390 1570 19,
1426 1517 1546 1561 Dixit
1574 1517 1719 1574 itaque
1746 1516 1878 1561 etiam
1906 1515 1991 1561 illi:
2036 1532 2084 1561 tu
2115 1532 2295 1577 quoque
2327 1513 2377 1562 fis

1380 1579 1514 1641 snper
1541 1583 1735 1640 quinque
1756 1580 1901 1627 urbes.
2342 1612 2365 1619 κ

1315 1658 1392 1698 20.
1427 1650 1482 1693 Et
1502 1647 1683 1707 quidam
1706 1649 1821 1692 venit
1840 1647 2009 1696 dicenst
2044 1645 2238 1704 domine,
2268 1663 2378 1703 ecce,

1381 1715 1567 1775 pecunia
1600 1729 1672 1759 tua
1703 1729 1836 1772 quam
1864 1712 2018 1770 habui,
2060 1710 2312 1774 p'osuieam'
2333 1715 2379 1760 in

1383 1781 1519 1826 linteo
1541 1796 1550 1822 :

179 1879 261 1918 21.
293 1863 407 1913 ohta
433 1864 518 1909 mis
546 1858 637 1907 auk
663 1854 778 1904 tkuk
802 1865 903 1902 unte
932 1866 1101 1900 manna
1120 1849 1241 1896 har·
1318 1860 1397 1897 21.
1430 1845 1686 1892 Metuebam
1717 1862 1893 1904 quoque
1924 1860 1987 1901 ter,
2021 1846 2124 1904 qu'ia
2153 1843 2381 1892 homolse-

244 1929 333 1980 dus
352 1933 392 1977 is
412 1928 550 1976 nimis
568 1926 712 1973 thatei
738 1925 784 1970 m·
801 1919 993 1986 lagides.
1015 1913 1239 1985 jahfizei-

246 1999 341 2048 this
365 1995 509 2044 thatei
539 1996 586 2041 ni
588 1986 781 2056 stzg'foll:
815 1986 863 2048 b)

1383 1930 1511 1958 verus
1541 1929 1606 1968 es,
1659 1912 1777 1956 tollis
1817 1912 1940 1970 quod
1979 1928 2068 1956 non
2099 1909 2305 1972 posuisti,
2340 1911 2382 1958 &

1382 1981 1509 2025 metis
1539 1976 1660 2037 quod
1693 1995 1782 2023 non
1818 1975 2044 2027 seminasti.

2309 2055 2391 2093 22,

232 2179 267 2229 s)
293 2175 361 2216 cfr.
382 2176 487 2227 Spee.
507 2169 620 2211 Gloss.
640 2168 754 2219 Ulph.
774 2169 821 2206 ΙΙ.

230 2233 266 2282 t)
292 2232 332 2269 B.
351 2225 561 2268 nonhabet
579 2223 686 2261 tlzana
696 2236 710 2267 ,-
738 2220 800 2260 sed
821 2222 874 2258 ita
900 2229 1027 2257 tamen
1053 2215 1263 2268 legendum
1281 2215 1447 2254 coniicit.

236 2284 278 2335 v)
305 2281 394 2325 Edit
426 2279 536 2318 Benz·
557 2277 650 2316 vitio
671 2272 919 2327 typographi,
948 2271 1091 2310 omittit
1097 2267 1138 2322 fi
1141 2269 1168 2308 k
1176 2284 1191 2316 ,-
1227 2268 1303 2308 fine
1330 2278 1559 2320 pronomine
1585 2277 1674 2305 vero
1695 2263 1759 2303 vix
1784 2276 1828 2302 eo
1855 2260 1963 2302 sensu
1988 2265 2151 2303 occurrit
2175 2266 2388 2308 atwmdida.

289 2335 357 2376 cfr.
385 2336 479 2374 Luc.
506 2344 539 2378 1,
561 2329 621 2377 56.
653 2336 688 2374 8,
714 2339 776 2373 37·

234 2388 284 2439 x)
313 2384 491 2438 B.s1luhro
501 2398 516 2430 3
542 2393 579 2422 at
598 2380 746 2443 Gotl3us
762 2379 1073 2419 terminationem
1090 2375 1193 2413 inam
1212 2387 1292 2413 non
1308 2372 1490 2413 admittit.

229 2443 283 2494 y)
309 2443 426 2481 Graec.
444 2436 833 2487 διεπςαιγματιυσοιτοε
870 2445 965 2470 mox
993 2427 1089 2469 infra

1114 2441 1147 2466 v.
1172 2434 1231 2469 18.
1257 2426 1442 2466 habemus
1463 2421 1701 2476 gawaurlzta,
1739 2415 2051 2470 vrgwsagyu'o-mo‚
2088 2434 2157 2472 pro
2186 2435 2264 2473 quo
2290 2424 2392 2466 Edit.

291 2496 400 2534 Benz.
416 2504 539 2531 errore
557 2487 681 2527 nescio
700 2484 816 2524 suone
838 2498 886 2523 an
908 2482 1047 2522 librarii
1059 2509 1068 2527 ‚
1088 2478 1342 2529 frawaurhta.
1361 2481 1531 2517 Notetur
1554 2477 1655 2515 vocis
1674 2473 1844 2514 Gothic-<e
1863 2472 2085 2525 fignificatio
2105 2471 2392 2530 Gloffographis

296 2544 537 2588 inobservata.
556 2540 664 2582 Refer
683 2538 730 2578 ad
748 2538 960 2587 waurkjan',
990 2532 1096 2587 quod
1114 2532 1214 2572 vide.

239 2602 278 2652 z)
306 2615 342 2641 v.
361 2600 470 2651 supra
487 2610 518 2635 c.
545 2606 603 2641 ιο,
627 2605 660 2634 1.
681 2591 729 2631 ad
746 2587 1034 2642 wstbuntehund.
1065 2588 1105 2624 B:
1127 2586 1221 2638 legit
1246 2583 1418 2635 mihunja,
1439 2581 1499 2622 sed
1517 2592 1727 2642 perperam.

243 2657 284 2704 >¹‘)
311 2655 371 2696 Sic
390 2650 523 2693 Codex
539 2646 683 2694 noster,
709 2659 744 2685 v,
766 2642 861 2683 Luc.
887 2656 944 2690 10,
968 2653 1025 2693 ¹9·
1049 2639 1135 2693 Joh.
1156 2651 1217 2686 11,
1241 2645 1300 2684 38.
1324 2638 1365 2677 Β.
1385 2636 1490 2688 ufar,
1517 2635 1701 2676 ufitatius.

241 2708 308 2758 **)
335 2705 492 2757 Btle'git
509 2701 659 2747 amhar,
687 2695 892 2759 ceulsnpra
919 2709 952 2734 v.
975 2706 1035 2740 17.

751 2745 761 2756 ⁴
810 2750 818 2760 v
933 2746 944 2758 θ
1083 2739 1090 2755 Ι

247 2761 287 2809 a)
315 2758 442 2801 Codd.
462 2769 574 2810 grac,
595 2753 735 2794 habent
753 2768 786 2791 m
805 2765 900 2798 ειχσν
918 2761 1141 2794 σιπσκειμενην
1161 2742 1191 2781 ἕν
1211 2740 1402 2793 σουῖαςῖωῑ
1427 2740 1591 2794 ideoque
1606 2741 1755 2788 reclius,
1784 2753 1874 2780 meo
1898 2738 2055 2790 judicio,
2079 2738 2291 2791 legendum
2312 2741 2388 2780 tha--

296 2821 351 2850 nez·
364 2809 512 2850 >habaida
525 2805 743 2862 galagidana
755 2802 911 2854 insanin
919 2816 934 2849 ,-
961 2801 1162 2840 lectionem
1178 2811 1266 2838 vero
1283 2795 1437 2837 Codicis
1456 2795 1617 2835 deserere
1636 2795 1843 2835 noluimus.
1866 2796 1925 2835 De
1951 2806 2043 2833 voce
2055 2790 2173 2843 fanin
2190 2807 2224 2832 v.
2247 2794 2389 2851 Hsaclit.

298 2866 339 2903 in
356 2862 509 2902 Glossar.
529 2863 658 2900 Germ.
676 2872 713 2911 p.
732 2868 824 2906 411.

254 2917 293 2967 b)
307 2914 445 2969 fizisbst,
472 2913 621 2954 secund.
640 2910 784 2964 person.
802 2908 974 2962 praeterit.
1000 2905 1224 2967 reduplicati
1237 2902 1351 2956 sitifi),
1379 2916 1416 2943 v.
1437 2901 1532 2942 infra
1552 2916 1588 2942 v.
1608 2913 1669 2944 22.
1691 2902 1811 2945 Marc.
1828 2912 1867 2949 4,
1883 2913 1921 2948 4.
1951 2899 2046 2940 Luc,
2062 2903 2095 2945 8,
2109 2907 2144 2946 5.
2165 2895 2230 2938 {ed
2246 2898 2387 2939 utrobi-

304 2982 377 3023 que
394 2970 432 3020 J.
454 2968 486 3006 ἅ
504 2968 555 3006 St.
582 2966 679 3006 male
685 2962 742 3016 fizi
745 2961 788 3016 fi>
798 2977 813 3012 ,·
842 2960 893 3002 est
910 2971 1039 3001 autem
1058 2972 1078 2999 a
1084 2957 1207 3012 finan,
1243 2957 1290 2998 de
1317 2969 1396 3009 quo
1419 2954 1539 3008 supra.
