2473 3380
281 90 388 146 DE
420 59 682 141 comca-
708 86 1018 142 ARGEND
1050 86 1159 144 ET
1178 88 1548 146 LITTERAT
1584 91 2033 146 ΜοΕεοσοπῑ.
2176 87 2283 161 18'5'

43 205 229 272 perinde
267 223 316 254 ac
365 197 608 269 Ulplzilas,
650 201 907 250 G0thorum
938 201 1190 268 episcopm,
1224 204 1273 268 *)
1307 207 1383 267 qui
1417 202 1527 253 adeo
1575 222 1630 253 eo
1670 206 1818 253 minus
1862 207 2062 269 ignorare
2105 210 2270 269 potuit,

48 274 157 336 quid
178 274 372 320 nominis
391 266 562 332 gefferit
581 268 676 327 ille,
707 271 828 316 cuius
848 287 959 317 curae
990 271 1165 330 debuit,
1199 274 1323 333 quod
1347 271 1419 319 sua
1448 272 1597 333 lingua
1629 272 1857 320 commisso
1889 273 1967 320 fibi
1993 276 2120 321 coetui
2151 273 2266 324 sacra

47 340 224 389 oracula
248 340 418 387 tradere
446 336 656 398 potuerit.
724 339 832 382 Non
858 354 930 384 me
955 335 1093 400 fugit,
1130 341 1294 387 Graecae
1321 337 1498 386 ecclefiae
1529 354 1673 400 patres
1700 356 1803 385 eum
1832 340 1970 387 modo
1997 339 2265 406 Urphilam,

48 406 204 468 saepius
234 423 340 453 vero
367 401 631 469 Ulplzilam,
666 401 898 450 latinorum
928 421 1019 451 non
1039 421 1204 466 pancos
1225 403 1521 472 Gulpln'lam,
1556 406 1666 452 alios
1695 406 1819 452 aliter
1844 406 2086 467 appellare,
2120 410 2264 456 immo

46 472 152 532 esse,
187 474 264 533 qui
291 469 425 519 crasso
455 486 601 515 errore
634 485 683 514 ex
712 469 779 515 his
806 470 915 517 duos
941 469 1142 518 efficiant.
1210 474 1292 520 Sed
1322 471 1641 521 observandum
1671 470 1750 530 est,
1787 472 1964 520 Graecos
1992 472 2268 539 V'ulpbilam

47 538 134 586 suis
166 539 318 585 litteris
342 538 588 598 exprimere
613 553 702 582 non
735 536 944 599 potuisse,
974 553 1104 600 atque
1131 555 1371 600 eapropter
1398 541 1593 600 primam
1614 539 1802 586 litteram
1822 540 2078 601 compendii
2106 538 2266 591 fecisse.

46 608 170 656 Dum
194 622 298 652 vero
324 602 597 667 Gulplu'lam
618 603 815 669 ffidorus
837 604 1118 669 Hjspaleufis
1144 605 1307 665 aliique
1336 605 1580 667 appellant,
1610 605 1657 651 id
1688 608 2062 666 pronuntiationis
2092 607 2268 655 cuidam

42 673 275 720 idiotismo
291 671 607 727 tribuendum,
643 684 732 729 quo
751 687 792 714 w
813 669 978 716 initiale
999 687 1081 731 per
1094 685 1131 736 g
1149 669 1353 728 effertur,
1384 673 1448 717 uti
1475 688 1559 731 pro
1586 669 1878 730 Wllzelmm,
1899 670 2155 738 Guljelmus
2175 691 2269 722 exa·

43 739 133 786 rari
161 736 292 796 solet,
348 754 435 800 pro
464 740 654 801 werpire
682 737 838 782 Latino
858 734 1150 784 Barbarorum
1172 741 1393 804 gurpire,
1429 737 1471 784 &
1501 735 1692 784 sexcenta
1714 738 1757 784 id
1790 756 1944 799 genus.
2013 743 2118 788 Hoc
2147 757 2268 799 vero,

45 799 123 852 nisi
141 801 360 861 fallimur,
391 821 480 850 non
505 801 737 859 accidisset,
769 800 800 849 fi
833 801 886 850 ab
915 819 943 851 u
973 804 1114 849 vocali
1141 821 1304 851 nomen
1331 805 1418 852 hoc
1436 801 1650 864 Episcopi
1681 803 1816 850 nostri
1847 805 2084 867 incepisset.
2153 811 2270 866 Nec,

43 885 96 919 ut
124 889 220 932 quae
249 868 366 918 digia
393 868 513 927 sunt,
545 883 713 915 mutata
741 868 898 925 velim,
934 869 978 914 id
1001 867 1157 926 efficit,
1191 872 1315 930 quod
1344 873 1389 917 in
1415 871 1560 931 cippis
1593 868 1749 916 nostris
1780 873 1983 929 Runicis,
2026 890 2075 918 ex
2103 874 2267 922 indicio

42 939 138 984 viri*
171 952 433 984 aeternaturae
473 934 632 990 laudis,
679 934 817 984 Olavi
860 935 1013 1000 Ceffli,
1047 938 1263 994 Senioris,
1307 954 1469 984 nomen
1519 936 1668 998 Ulfilr
1706 952 1958 993 occurrere,
1999 942 2269 992 noverimus.

42 1002 227 1051 Obstitit
245 1005 364 1049 enim
386 1000 537 1048 vsimilis
555 1000 798 1048 litterarum
816 1004 1000 1065 penuria
1016 1004 1184 1051 Gothis
1205 1003 1362 1054 nostris
1392 1021 1441 1052 ac
1459 1004 1650 1062 Graecis,
1683 1018 1777 1063 quo
1807 1004 1956 1051 minus
1985 1019 2151 1053 nomen
2183 1006 2270 1055 hoc

38 1072 285 1120 =accuratius
304 1069 548 1133 exprimere
569 1066 754 1130 possent.

1054 1137 1098 1195 §.
1165 1132 1243 1183 111'.

179 1225 289 1288 Qae
309 1218 458 1269 forma
478 1221 521 1268 &
539 1218 678 1283 figura
696 1217 829 1268 fuerit
844 1221 1090 1270 litterarum
1108 1220 1550 1284 Moesogothicarum
1566 1258 1579 1282 ,
1604 1217 1684 1285 **)
1713 1238 1762 1269 ex
1780 1221 1935 1281 tribus,
1952 1239 2052 1284 quae
2072 1225 2270 1287 propitia

37 1287 133 1339 *fata
159 1290 215 1337 ad
245 1288 386 1336 nostra
412 1306 551 1349 usque
580 1305 778 1349 tempore
805 1288 1099 1347 transmisere,
1132 1291 1433 1337 monumentis
1461 1287 1636 1340 constat.
1691 1291 1894 1337 Primum
1925 1290 2005 1348 est,
2041 1293 2164 1351 quod
2198 1293 2267 1338 Bi-

40 1357 263 1409 bliotheca
282 1354 425 1402 nostra
447 1358 566 1416 regia
585 1352 766 1402 sollicite
788 1352 944 1413 servat,
979 1357 1169 1405 codicem
1195 1368 1460 1421 argenteum
1489 1355 1763 1416 appellamus
1789 1373 1813 1401 a
1831 1356 2075 1403 litterarum
2101 1358 2264 1414 colore,

41 1422 207 1484 quibus
227 1438 419 1469 exaratus
447 1421 539 1477 est,
559 1423 795 1467 >maximam
815 1436 984 1482 partem
1011 1423 1411 1484 argentearums&
1439 1422 1491 1469 de
1515 1437 1608 1481 quo
1638 1437 1743 1468 mox
1770 1421 1915 1482 plura.
1983 1423 2183 1469 Alterum
2207 1422 2266 1470 est

41 1490 373 1556 Fragmentum
389 1490 583 1555 epssolae
603 1488 741 1537 Pauli
766 1487 832 1535 ad
853 1490 1102 1547 Romanos,
1120 1489 1259 1553 ‘quod
1288 1491 1336 1535 in
1363 1488 1632 1537 bibliotheca
1656 1487 2057 1552 Guelpherbyta-na
2086 1487 2263 1542 asserva-

38 1570 142 1604 :tum
167 1573 223 1602 -ex
258 1554 411 1602 codice
450 1552 659 1616 rescripto
693 1554 827 1600 edidit
852 1555 1203 1602 Archidiaconus
1242 1556 1333 1602 eius
1366 1556 1476 1612 loci,
1511 1551 1778 1616 Franciftus
1808 1554 2039 1604 Antonius
2071 1556 2265 1615 Knittel‚

39 1621 257 1684 ‘quodque
278 1638 360 1682 ego
383 1620 541 1667 deinde
561 1637 659 1667 cum
681 1620 849 1680 aliquot
868 1622 1223 1669 annotationibus
1249 1623 1366 1686 typis
1387 1622 1576 1670 reddidi.
1647 1622 1854 1668 Tertium
1884 1618 1966 1678 est,
2001 1622 2125 1682 quod
2150 1624 2264 1671 inter

40 1687 348 1750 inscriptiones
369 1687 629 1742 Donianax,
662 1686 714 1733 ab
736 1686 931 1736 Antonio
950 1685 1189 1750 Francisco
1213 1688 1361 1737 Gorio
1399 1688 1557 1743 editas,
1591 1688 1804 1744 occurrit,
1838 1689 2119 1748 continetque
2145 1690 2263 1738 litte·

40 1770 126 1805 ras
147 1757 352 1804 emtionis
372 1755 416 1799 in
432 1754 551 1800 Italia
571 1750 714 1809 fassae,
750 1754 872 1814 quod
893 1754 1130 1812 ultimum,
1162 1754 1295 1801 breve
1328 1755 1450 1812 licet,
1483 1753 1552 1802 vel
1579 1771 1631 1800 eo
1660 1768 1810 1801 tamen
1834 1755 2018 1800 nomine
2044 1769 2263 1803 memora·

41 1821 133 1869 ,bile
153 1819 234 1878 est,
279 1819 401 1881 quod
430 1837 510 1866 nos
538 1819 714 1879 doceat,
759 1820 906 1882 lingua
927 1818 1260 1882 Mcesogo'tbica
1290 1838 1432 1869 novos
1462 1835 1628 1867 aeternae
1651 1819 1774 1867 urbis
1798 1820 2120 1879 dominatores,
2155 1823 2263 1871 litte-

39 1890 193 1948 risque
225 1886 502 1949 Ulphilanis,
546 1903 638 1933 non
673 1903 776 1933 vero
804 1891 937 1935 runis
970 1888 1338 1944 Scandianorum,
1380 1886 1481 1936 usos
1505 1884 1648 1936 fuisse.
1717 1889 2054 1934 Commemorat
2080 1888 2263 1948 quidem

41 1955 351 2017 Hieronymus
372 1955 570 2009 Roman,
602 1950 788 2014 scriptor
805 1951 1054 2014 HispanuS,
1087 1956 1209 2002 cuius
1236 1954 1365 2002 verba
1384 1954 1506 2001 allata
1532 1954 1677 2000 videre
1694 1953 1795 1999 licet
1812 1953 1856 1998 in
1873 1950 2002 2014 praef.
2022 1954 2149 2005 Edv.
2171 1955 2262 2023 Lye

38 2022 99 2070 :ad
124 2018 333 2085 Utplzilae
357 2017 687 2065 recentissimam
707 2019 966 2077 editionem,
999 2021 1045 2066 in
1066 2019 1332 2068 bibliotheca
1358 2018 1596 2067 Turinenfi
1623 2020 1756 2066 latere
1783 2020 2102 2078 Brevfarium,
2138 2022 2262 2082 quod

43 2087 292 2148 appellant,
330 2086 527 2143 aliosque
559 2084 697 2131 libros
725 2085 880 2132 iisdem
915 2086 1093 2142 litteris,
1138 2087 1299 2147 quibus
1326 2088 1530 2134 utebatur
1564 2084 1804 2152 Ulplzilas‚
1851 2085 2144 2149 consignatos:
2189 2087 2263 2136 sed

36 2153 248 2214 ⁴quamuis
265 2149 446 2198 sollicite
467 2167 602 2211 opera
621 2153 868 2197 Maecenatis
890 2153 1115 2199 cuiusdam
1144 2156 1233 2200 mci
1256 2153 1614 2215 perquisiverim,
1646 2170 1701 2200 an
1725 2153 1832 2212 quid
1860 2155 2082 2201 eiusmodi
2109 2149 2171 2202 ibi
2198 2174 2264 2203 re·

38 2217 314 2281 ‘periundum
345 2214 474 2276 effer,
508 2214 607 2278 spes
646 2233 746 2264 mea
785 2219 905 2265 irrita
943 2233 1088 2266 tamen
1129 2216 1231 2267 fuit.
1299 2222 1445 2267 Sciens
1478 2235 1691 2282 praetereo
1721 2219 1965 2285 Anfikubi,
2001 2221 2262 2332 Gothqrtim

2047 2289 2135 2348 Epi
2160 2290 2262 2350 copi

102 2415 147 2468 ¹¹³)
173 2414 397 2466 Jomandem
415 2416 548 2466 hune,
570 2430 689 2470 quem
712 2417 776 2458 alii
792 2417 994 2469 Jordanem
1014 2420 1080 2459 vel
1101 2418 1312 2469 Jordonum
1339 2421 1547 2474 appellant,
1574 2417 1748 2459 Gothum
1772 2417 1904 2466 fuiffe,
1940 2419 1976 2458 &
1995 2419 2039 2459 in
2066 2420 2262 2460 Pannonia

151 2479 310 2516 natum,
338 2468 495 2523 ipsemet
515 2483 586 2511 nos
610 2471 787 2512 ,certiores
809 2471 917 2520 facit,
946 2486 1030 2525 cap.
1053 2481 1115 2516 82.
1152 2472 1199 2513 de
1226 2472 1328 2521 rebm
1354 2474 1501 2520 Geticis,
1529 2473 1600 2513 ubi
1625 2473 1742 2512 etiam
1770 2470 1969 2519 discimus,
2003 2486 2024 2512 a
2048 2472 2259 2514 maioribus

144 2523 224 2574 ‚qui
242 2535 381 2573 genere
396 2524 509 2562 Alani
535 2524 696 2572 fuerint,
724 2538 814 2564 eum
836 2527 1027 2578 originem
1052 2525 1197 2565 duxisse
1265 2526 1482 2577 Jornanden
1507 2527 1612 2566 hunc
1643 2525 1863 2578 episcopum
1890 2524 2020 2574 fuisse,
2048 2528 2146 2566 intcr
2172 2525 2257 2566 scri-

152 2586 278 2627 ptores
308 2587 448 2615 vcteres
468 2579 582 2616 etiam
600 2579 794 2631 convenit.
823 2579 909 2618 licet
933 2580 1094 2619 ubinam
1116 2578 1245 2619 sedem
1268 2579 1375 2620 suam
1401 2580 1596 2627 habuerit,
1621 2593 1700 2618 non
1727 2593 1832 2630 aeque
1857 2577 2011 2618 constet.
2067 2582 2260 2620 Ravenna-

153 2629 200 2667 tis
228 2640 320 2667 eum
339 2628 493 2668 ecelefiae
515 2633 648 2669 curam
666 2631 828 2682 geffiss'e,
858 2631 1057 2684 perhibent
1084 2633 1445 2686 quidem‘plurimi,
1473 2633 1535 2673 std
1554 2635 1622 2685 qui
1647 2633 1865 2683 catalogum
1888 2631 2090 2671 praesulum
2108 2631 2255 2673 Raven-

152 2680 366 2723 natenfium
391 2690 637 2730 contexuere,
668 2683 804 2722 Rubeus
826 2697 938 2738 atque
970 2685 1126 2737 Ugellus,
1152 2688 1307 2725 nullum
1325 2686 1513 2737 Jornandi
1535 2686 1661 2726 nostro
1683 2687 1815 2724 locum
1842 2684 2072 2726 concedunt.
2104 2699 2136 2726 v.
2156 2685 2259 2725 Dan.

154 2733 251 2773 Guil.
273 2733 426 2772 Molleri.
458 2733 560 2777 Prof.
582 2736 715 2776 Altorf
735 2736 884 2779 Diffcrt.
904 2739 950 2778 de
965 2739 1176 2788 Jornande,
1205 2740 1332 2779 habita
1353 2741 1465 2790 1690.

36 2820 46 2825 ,
68 2800 71 2804 ·
98 2787 162 2839 **)
185 2787 369 2827 Aneiai-es
386 2787 474 2826 libri
486 2788 658 2827 Nou-aean
669 2790 792 2827 Τναίτέ
804 2789 843 2829 de
863 2791 1123 2844 Diplomatique
1137 2794 1299 2844 perinde¹
1313 2806 1356 2832 ac
1373 2792 1568 2831 Mor-tomes
1587 2792 1734 2843 aliique,
1745 2789 1902 2842 singulis
1922 2787 2259 2841 Moefogothorum

153 2841 286 2880 litteris
305 2851 377 2880 tres
396 2848 605 2893 quatuorve
625 2841 781 2882 diversas
799 2844 833 2882 ὃ(
851 2844 992 2896 oppido
1010 2845 1108 2885 inter
1127 2845 1163 2885 se
1181 2845 1271 2898 saepe
1289 2846 1464 2885 distantes
1483 2844 1624 2896 figuras
1646 2844 1841 2891 n·ibuunt;
1868 2842 1931 2884 sed
1949 2843 2014 2882 has
2032 2842 2136 2883 unde
2153 2842 2254 2883 sum·

151 2894 283 2944 serint,
309 2895 462 2947 penitus
482 2896 642 2947 ignoro,
668 2907 792 2948 quum
816 2909 949 2937 omnes
964 2911 1031 2950 per
1052 2898 1275 2939 universum
1294 2899 1468 2940 codicem
1485 2896 1645 2950 perfecie
1664 2896 1799 2937 similes
1818 2896 1901 2941 lint,

1204 2958 1282 3000 Aa
