2473 3380
296 111 402 163 DE
436 105 694 162 comt-E
723 63 1032 159 ARGENT.
1067 106 1174 159 ΕΤ
1196 105 1559 162 LITTERAT.
1593 109 2055 166 MOESOGOTH.
2190 128 2293 181 ω,

67 230 168 272 m'us
190 223 315 280 hinc,
350 220 516 285 priscos
538 222 795 269 Graecorum
822 237 906 283 pro
933 222 1073 268 littera
1097 217 1196 266 usos
1222 215 1348 265 fuisse
1380 221 1528 268 eadem
1551 221 1712 285 figura,
1748 240 1844 282 quae
1868 226 2141 286 postliminio
2168 250 2290 282 revo.

68 326 159 358 cata
184 311 406 372 digamma
429 308 787 370 nuncupabatur,
823 311 866 357 δε
892 309 1049 356 deinde
1067 308 1253 355 eundem
1274 304 1433 355 sonum
1462 305 1580 356 illam
1611 310 1721 357 olim
1747 310 1968 370 habuisse,
2002 332 2133 375 quem
2154 323 2289 381 gemi.

69 412 168 444 nata
194 397 333 444 littera
360 424 382 448 ⁸
408 396 525 459 apud
546 400 830 457 recentiores,
863 415 960 459 quae
980 415 1029 443 ex
1048 394 1129 443 asse
1159 391 1372 441 referebat
1390 395 1592 444 Ebraeum
1631 405 1674 456 ¹,
1707 399 1832 444 cuius
1862 396 2171 452 succedaneum
2200 425 2291 457 erat

68 483 292 547 episemon
309 484 571 537 Gothicum,
641 490 794 550 Qum
815 504 917 535 vero
939 489 979 531 V
1002 485 1043 532 ὅτ
1062 487 1099 530 F
1119 483 1293 543 cognati
1314 482 1473 531 valoris
1500 484 1650 531 litterae
1671 484 1770 543 sint,
1805 482 1971 534 fat-{tum
2000 488 2103 537 hinc
2125 492 2206 550 est,
2240 511 2288 543 ut

65 572 186 634 apud
216 572 370 620 latinos
401 571 623 634 episemon
652 574 852 623 nostrum
877 574 1061 620 alterum
1090 570 1217 616 illum
1245 566 1404 615 sonum
1430 567 1578 617 sensim
1617 570 1855 622 adsciverit.
1926 577 2014 623 His
2042 579 2099 625 ita
2125 580 2290 642 positis,

64 662 365 722 comperimus
406 677 425 709 1
464 678 564 721 cur,
601 680 739 722 quum
753 662 896 709 Graeci
916 660 1095 705 nomine
1115 672 1299 718 cognato
1321 653 1448 703 sonos
1468 657 1710 706 litterarum
1730 660 1829 707 alias
1850 666 2094 724 exprimere
2114 665 2288 729 soleant,

25 752 33 758 '
64 765 240 810 gamma
259 749 596 810 appellaverint,
632 750 755 811 quod
774 752 815 795 V
835 748 900 795 vel
921 751 958 793 F
982 744 1143 793 sonuit.
1197 759 1265 795 ·2.
1298 746 1391 791 Cur
1412 748 1472 801 F,
1508 746 1627 806 quod
1656 748 1768 793 inter
1788 747 2026 810 postremas
2046 754 2289 807 litterarum

65 837 319 884 Graecarum
339 836 489 884 locum
510 837 658 894 habet,
691 836 811 899 apud
831 836 987 882 latinos
1006 835 1119 880 inter
1137 834 1361 895 primores
1382 832 1647 880 collocatum
1676 850 1889 886 cernatur.
1962 855 2004 900 3.
2040 845 2135 889 Cur
2153 845 2290 904 latini,

63 922 145 970 ubi
174 921 396 985 digamma
421 926 650 984 antiquum
680 923 722 971 ὅ(
750 924 991 985 genuinum
1016 921 1221 968 reducere
1251 918 1321 984 (in
1354 920 1511 982 primis
1540 920 1585 966 id
1613 936 1763 982 agente
1786 921 1978 975 Claudio
2004 929 2291 996 imperatore)

61 1007 203 1058 visum
223 1007 333 1067 fuit,
367 1025 415 1060 ut
435 1010 487 1058 ab
507 1014 543 1058 F
562 1010 920 1074 distingueretur,
951 1004 1064 1058 illud
1087 1008 1307 1058 inversum
1326 1024 1496 1056 exarare
1520 1007 1756 1062 voluerint,

1071 1159 1108 1216 §·
1177 1158 1268 1206 XL.

200 1268 309 1317 Haec
340 1269 554 1332 paucula,
587 1271 719 1319 variis
749 1269 846 1317 aliis
874 1269 989 1316 curis
1022 1264 1259 1326 districtus,
1296 1268 1342 1313 in
1378 1265 1573 1315 chartam
1603 1266 1818 1314 coniicere
1845 1270 1990 1318 volui:
2026 1270 2057 1321 fi
2081 1274 2184 1337 plus
2213 1278 2294 1324 otii

65 1338 447 1419 fuiss'et,„ultimis
476 1358 763 1420 paragraphis
794 1356 959 1404 iustam
979 1353 1320 1402 dissertationem
1350 1354 1629 1417 impendere,
1671 1372 1818 1416 operae
1847 1361 2041 1418 pretium
2069 1362 2293 1416 duxiss'ern.

65 1446 174 1492 Satis
192 1461 338 1507 autem
359 1446 470 1493 mihi
492 1442 600 1507 fnit,
636 1447 754 1492 hisce
779 1447 928 1508 paucis
949 1445 1140 1491 aliorum
1167 1444 1347 1490 excitare
1372 1440 1625 1489 industriam
1652 1442 1695 1489 ἃ
1724 1440 2014 1504 sagacitatem.
2083 1452 2294 1515 Unicum,

64 1533 296 1594 quodiam
314 1533 617 1597 colophonem
644 1535 774 1596 operi
793 1532 1052 1596 adaptaturo
1071 1534 1116 1578 in
1146 1547 1340 1579 mentem
1370 1532 1510 1592 venit,
1544 1532 1855 1579 tantummodo
1883 1533 2059 1584 addam.
2127 1540 2294 1587 Monui

65 1635 235 1682 nuper,
271 1626 435 1668 veteres
460 1622 642 1668 Graecos
673 1621 834 1669 litteras
863 1626 1013 1681 φοινίκιαι
1040 1619 1272 1682 appellasse
1301 1636 1325 1665 a
1352 1617 1522 1670 Cadmo
1554 1619 1756 1666 Phoenice
1783 1618 1881 1679 (nifi
1908 1618 2022 1670 forte
2049 1626 2108 1672 ita
2134 1643 2295 1674 vocatae

63 1688 177 1753 olim
209 1703 374 1754 fuerint
407 1725 430 1754 a
459 1707 713 1769 palmarum
739 1705 887 1765 foliis,
936 1708 1100 1767 quibus
1128 1725 1213 1771 pro
1247 1707 1394 1755 charta
1426 1707 1664 1755 utebantur
1691 1706 1974 1767 antiquiffimi
2005 1712 2296 1775 mortalium).

65 1793 205 1856 Quod
223 1794 375 1842 litterae
390 1812 485 1842 aevo
505 1795 709 1845 Homeri
723 1796 921 1842 nondum
942 1799 1154 1857 stippa-m
1181 1795 1396 1857 appellari
1424 1796 1689 1857 inceperint,
1722 1810 1853 1855 atque
1879 1796 1988 1843 adeo
2011 1816 2088 1845 nec
2108 1800 2296 1848 vocabu-

20 1910 28 1947 ἶ-
69 1880 160 1928 lum
182 1881 291 1929 illud
313 1884 430 1944 apud
456 1893 636 1945 poetam
659 1884 928 1937 inveniatur,
964 1883 1050 1928 iam
1079 1883 1253 1945 pridem
1287 1881 1529 1930 observavit
1549 1880 1838 1947 Eustachius.
1872 1900 1912 1929 v.
1937 1882 2128 1935 Chislzul
2144 1889 2197 1934 ad
2219 1889 2298 1937 In·

55 1964 353 2033 firIptionem
376 1970 602 2036 Siga’am,
634 1988 674 2018 n,
704 1985 781 2030 52.
848 1972 900 2015 In
921 1987 1113 2018 mentem
1142 1971 1254 2018 mihi
1282 1972 1383 2017 inde
1411 1972 1548 2026 venit,
1579 1976 1739 2032 γςᾰμμκ
1758 1969 1800 2015 ὅτ
1830 1975 1977 2030 γρίφων
2002 1969 2186 2020 fortaffis
2214 1991 2296 2022 ter·

70 2056 216 2103 minos
237 2052 384 2119 fuisse,
416 2055 632 2106 scribendi
651 2060 735 2106 arti
762 2058 880 2122 apud
902 2059 1104 2121 Pelasgos
1135 2060 1362 2120 proprios,
1417 2060 1567 2117 Γρίφων
1588 2071 1700 2102 certe
1721 2056 1922 2119 Scythica
1940 2074 2032 2106 >vox
2061 2059 2142 2119 est,
2178 2079 2295 2122 quae-

73 2160 179 2202 que,
216 2159 265 2190 ut
283 2144 328 2190 id
348 2145 393 2190 in
414 2144 660 2193 transcursu
679 2163 907 2203 moneam,
943 2159 1158 2205 quantum
1188 2163 1235 2191 ex
1264 2145 1497 2192 harmonia
1525 2144 1777 2205 linguarum
1799 2160 2082 2204 cognatarum
2103 2149 2296 2198 iudicare

68 2230 188 2287 licet,
220 2247 305 2278 tres
325 2232 481 2280 habuit
499 2231 847 2295 significationes.
880 2236 915 2281 Ι.
947 2233 1133 2284 Fodere,
1203 2235 1409 2280 Occurrit
1429 2232 1516 2278 hoc
1545 2228 1664 2276 sensu
1688 2230 1806 2291 apud
1835 2229 2076 2296 Ulplzilam
2095 2236 2297 2301 graban,

69 2319 136 2363 uti
153 2317 205 2364 de
233 2317 370 2366 infido
398 2337 633 2369 ceconomo
655 2319 839 2388 graban
868 2324 916 2369 ni
943 2336 1072 2386 mag,
1109 2317 1259 2366 fodere
1286 2337 1374 2366 non
1401 2319 1539 2367 valeo.
1606 2320 1812 2379 Tempus
1842 2316 1975 2365 huius
2004 2321 2124 2368 verbi
2151 2321 2296 2385 perfe-

72 2403 190 2451 &um
205 2441 216 2460 ,
247 2407 311 2452 uti
333 2423 509 2466 vocant,
543 2408 601 2455 est
614 2407 734 2476 grob
754 2408 820 2455 vel
837 2406 969 2475 gros.
1037 2406 1242 2469 Superest
1262 2419 1365 2455 vero
1386 2424 1469 2453 vox
1497 2405 1647 2452 eadem
1670 2407 1714 2452 in
1734 2405 1958 2467 plerisque
1979 2406 2172 2455 dialeffls
2192 2413 2297 2475 Scy-

71 2492 198 2537 thicae
219 2494 419 2553 originis.
486 2500 588 2544 Nos
607 2495 734 2545 Sueci
748 2494 950 2562 gruson,
981 2494 1160 2563 grcisva
1181 2496 1381 2551 dicimus,
1404 2495 1616 2543 Germani
1631 2491 1823 2560 graban.
1891 2491 2144 2561 quychius
2164 2499 2295 2546 etiam

71 2576 258 2635 testatur,
278 2579 540 2626 Graecorum
568 2588 716 2643 ⁴7ngssss
745 2584 861 2630 idem
884 2583 1121 2643 aliquando
1145 2583 1241 2641 effe,
1264 2602 1310 2630 ac
1331 2586 1577 2640 anonimo»,
1595 2577 1845 2642 perfodere.
1868 2598 1908 2627 v.
1929 2582 1972 2628 in
1992 2589 2155 2645 γράψαι,
2199 2588 2295 2634 Ha·

73 2667 228 2712 bemus
246 2665 348 2711 hinc
359 2663 508 2730 graf,
545 2669 668 2727 quod
692 2671 736 2715 in
758 2687 914 2731 genere
938 2669 1114 2718 foveam
1141 2686 1284 2728 notat,
1320 2670 1362 2716 δε
1389 2667 1613 2730 speciatim
1642 2666 1938 2728 sepulchrum.
2006 2669 2129 2717 Idem
2147 2671 2296 2740 Ηώ-

470 2758 474 2761 “
1192 2761 1259 2804 ·Ε
1284 2778 1306 2805 e
1344 2773 1371 2805 2
1456 2779 1460 2781 ·
1533 2744 1538 2748 ’
2168 2756 2297 2811 chius

185 2871 291 2907 IMP.
308 2865 415 2908 XVI·
444 2867 584 2907 COSS.
617 2865 682 2905 lv.
709 2865 929 2910 CENSOR.
960 2871 1004 2911 P.
1032 2873 1078 2913 P.
1103 2872 1298 2912 AUCTIS
1322 2870 1431 2909 POP.
1467 2867 1597 2907 ROM.
1619 2866 1823 2908 FiNlBUS
1848 2868 2172 2911 POMOERIUM
2196 2875 2299 2916 ΑΜ-

181 2922 387 2975 PLIAJIT
414 2920 808 2974 TERMlNAngQ
985 2921 988 2923 ’
