2473 3380
182 112 286 170 v2'00'
922 110 1077 164 DISS
1081 109 1131 163 E
1127 113 1168 164 R
1178 110 1265 162 TA
1271 110 1318 161 T
1311 110 1403 176 [ΟΜ
1414 111 1654 172 PRIMA,

191 230 240 277 id
261 220 522 285 tenendum',
567 238 632 284 te,
669 223 777 272 dum
803 224 1004 272 volorem
1031 226 1274 270 litterarum
1305 223 1534 269 cuiuslibet
1559 226 1718 286 linguae
1749 226 2071 278 arithmeticum
2102 224 2235 288 nosti,
2276 228 2403 278 simul

190 292 313 343 nosse
336 294 579 340 litterarum
601 292 820 340 ordinem.
889 295 1137 350 Nunquam
1159 290 1299 345 enim,
1335 307 1373 339 e,
1391 306 1427 335 c.
1449 311 1473 342 2
1498 291 1619 350 apud
1636 291 1814 340 Ebraeos
1837 294 1928 340 duo
1953 292 2229 355 significaret,
2263 296 2338 343 nisi
2357 298 2403 343 in

195 362 445 408 litterarum
472 360 626 406 ordine
651 357 889 408 secundum
918 355 1068 403 locum
1092 355 1328 412 obtineret,
1358 358 1423 401 uti
1452 373 1529 402 nec
1551 356 1836 420 Eratcfienes
1859 357 2092 408 dostnrum
2116 362 2229 409 Bata
2260 363 2405 425 appel.

193 428 305 477 latus
325 425 447 483 effer,
479 440 527 472 ut
546 424 831 477 indicaretur,
864 437 966 468 eum
989 424 1140 485 primo
1166 423 1429 490 proximum
1457 419 1609 482 fuiffe,
1644 423 1722 473 nisi
1747 423 1836 477 haec
1866 425 2007 474 littera
2033 426 2190 475 ordine
2219 424 2406 478 secunda

192 493 499 550 collocaretur,
533 489 576 538 ὅ(
599 486 654 537 fic
676 488 722 535 in
741 488 905 540 ceteris.

1189 598 1234 666 §·
1302 603 1393 654 xx.

331 692 434 739 Nec
458 690 604 740 minus
634 687 807 737 certum
831 686 912 745 est,
946 687 1173 747 ordinem,
1218 706 1308 750 quo
1336 690 1495 738 litteras
1523 689 1681 739 ebraeas
1714 691 1925 741 collocare
1953 692 2208 750 edocemur,
2242 692 2409 739 uitimae

201 759 468 819 antiquitatis
490 755 592 814 esse,
627 757 672 802 id
705 755 825 815 quod
856 756 923 802 vel
949 773 999 801 ex
1017 754 1279 803 Achrosticis
1308 758 1352 802 in
1381 757 1571 821 psalmis
1593 760 1834 808 Dauidicis
1864 760 1906 805 ὃ(
1936 760 2038 805 alias
2064 759 2408 815 occurrentibus,

199 823 483 876 manifestum
507 821 576 868 est
647 822 716 868 Ab
746 821 833 868 illis.
861 820 1093 870 artificium
1121 823 1308 869 didicere
1328 825 1494 882 Gothi,
1530 825 1672 872 Graeci
1700 825 1927 887 Ruffique,
1957 824 2028 873 sed
2061 843 2150 886 quo
2179 826 2334 871 ordine
2362 824 2411 871 id

198 890 369 941 faEium
388 887 546 944 fuerit,
579 889 666 935 hoc
682 886 764 943 est,
797 902 892 934 uter
912 886 1129 950 Scythane
1151 908 1203 936 an
1223 891 1423 948 Graecus,
1457 892 1633 938 alterius
1661 890 1796 939 fuerit
1827 897 1872 938 in
1897 895 1976 938 hae
2002 909 2090 938 arte
2108 890 2330 952 magister,
2361 888 2409 936 id

201 958 285 1015 est,
319 959 372 1004 de
392 972 482 1015 quo
497 954 766 1017 judicaturus
792 953 931 1000 lesior
950 971 1002 1000 ne
1021 972 1306 1020 praepropere
1333 956 1375 1006 ἃ
1393 958 1686 1021 praeiudicatis
1707 957 1911 1009 induEius
1930 957 2239 1023 opinionibus,
2276 957 2416 1020 calcu3

206 1040 286 1076 um
302 1036 504 1088 promat,
541 1036 811 1087 magnopere
833 1020 979 1071 velim.

1201 1135 1258 1193 ς..
1309 1136 1424 1188 xx1.

336 1222 448 1285 Qae
466 1217 602 1267 fuerit
622 1218 847 1280 qualisque
867 1217 1052 1265 calculos
1071 1222 1269 1280 ponendi
1294 1226 1405 1270 ratio
1427 1224 1546 1287 apud
1566 1223 1741 1270 Gothos
1755 1261 1765 1281 ,
1801 1222 2008 1271 discimus
2039 1241 2094 1270 ex-
2114 1222 2306 1271 versione
2329 1221 2424 1274 Ul*

203 1287 418 1357 philam,
450 1287 530 1335 ubi
549 1302 635 1348 pro
655 1288 849 1334 numeris
868 1285 1019 1332 litterae
1041 1285 1158 1333 haud
1177 1305 1277 1335 raro
1295 1306 1547 1350 ponuntur3
1585 1293 1642 1336 ita
1662 1289 1773 1356 Joh.
1798 1299 1842 1349 6,
1861 1306 1906 1347 9.
1927 1292 2172 1337 invenimus
2193 1290 2220 1340 b
2237 1290 2422 1348 fiskans,

208 1374 238 1407 2
259 1353 422 1416 pisces,
457 1370 478 1402 e
498 1351 693 1410 hlaibos,
730 1367 755 1413 ς
783 1369 938 1415 panes,
970 1368 1010 1403 v.
1036 1367 1113 1409 19.
1140 1351 1340 1418 spaurde
1365 1359 1390 1402 l<
1409 1356 1496 1420 jah
1526 1374 1568 1414 e,
1604 1356 1734 1404 stadia
1755 1370 1819 1407 20
1837 1358 1880 1404 ὅτ
1903 1373 1943 1417 5.
1981 1358 2136 1407 Marc.
2155 1373 2201 1419 4,
2225 1365 2251 1412 8
2301 1361 2321 1405 l
2343 1371 2420 1418 30,

195 1425 223 1489 j
245 1426 311 1470 60
333 1421 375 1467 ἃ
397 1435 422 1468 ν
446 1433 551 1470 100.
587 1414 704 1484 Jolz.
729 1435 802 1476 12,
828 1435 866 1479 5.
885 1416 1044 1481 skatte
1068 1431 1109 1477 t,
1144 1424 1336 1471 nummis
1361 1438 1453 1482 300
1469 1461 1480 1482 ,
1513 1439 1561 1472 nt
1589 1440 1725 1470 cetera
1747 1438 2017 1484 praeteream.
2085 1422 2172 1470 Sed
2196 1439 2344 1470 manca
2363 1438 2424 1469 ta·

208 1506 312 1538 rnen
331 1487 374 1534 ἃ
394 1488 439 1533 in
458 1486 681 1547 plerisque
703 1485 837 1532 dubia
854 1484 955 1531 esset
973 1485 1264 1539 arithmetices
1284 1491 1395 1536 ratio
1414 1506 1609 1538 veterum
1633 1490 1905 1545 Gothorum,
1927 1489 2003 1536 nisi
2020 1487 2177 1550 praesto
2197 1488 2326 1535 effent
2344 1506 2422 1536 nu·

209 1555 346 1609 meri,
382 1552 438 1599 ad
456 1552 563 1598 latus
578 1566 802 1599 contextus
821 1553 865 1598 in
886 1552 1029 1600 codice
1045 1566 1256 1619 argenteo
1280 1554 1431 1617 positi,
1465 1572 1659 1617 quorum
1689 1554 1909 1617 specimen
1940 1555 2110 1601 exhibet
2136 1555 2306 1616 pagella
2330 1552 2425 1602 haee

210 1623 288 1669 aeri
309 1616 462 1683 incisa,
497 1634 777 1677 quorumque
798 1617 879 1664 hac
897 1620 1063 1665 ratione
1081 1622 1281 1668 ordinem
1302 1624 1506 1670 novimus
1528 1623 1582 1668 ad
1602 1639 1742 1681 usque
1770 1637 1887 1682 350,
1924 1623 2012 1680 qui2
2022 1619 2252 1682 supremus
2272 1619 2331 1666 est
2350 1637 2423 1669 eo·

205 1703 340 1746 rum,
373 1701 486 1747 quos
508 1683 674 1736 residua
697 1684 859 1732 codicis
878 1682 984 1733 solia
999 1686 1201 1735 exhibent
1228 1690 1274 1736 in
1294 1705 1397 1737 eum
1424 1690 1639 1746 modum,
1675 1701 1811 1751 quem
1838 1686 1983 1737 tabula
2001 1690 2065 1735 111
2093 1685 2424 1742 commonstrat.

1187 1799 1234 1862 ς.
1302 1802 1436 1848 xxn.

347 1887 412 1933 Ut
431 1895 576 1932 amem
596 1899 684 1944 ‘1¹10
704 1881 893 1945 sPQRent
912 1884 959 1930 hi
977 1884 1163 1946 appofiti
1181 1890 1352 1934 numeri
1367 1926 1377 1945 ,
1392 1936 1394 1938 ,
1412 1886 1605 1938 constare
1623 1886 1774 1951 possit,
1808 1887 1914 1935 scire
1935 1887 2157 1944 convenit,
2190 1883 2429 1947 postquam

211 1954 269 2006 'ad
288 1949 474 2000 dustum
500 1950 682 1999 Tatiani
699 1952 895 2010 incepere
917 1949 1120 1998 dos’tores
1145 1953 1324 2000 ecclefiae
1342 1955 1593 2003 harmonias
1613 1953 1967 2016 evangelistarum
1988 1968 2234 2009 contexere,
2264 1967 2313 1997 ut
2330 1953 2428 1998 loca

211 2019 338 2082 apud
358 2015 633 2077 evangelistas
654 2016 884 2062 indicanda
902 2019 1028 2065 citius
1048 2019 1234 2065 inveniri
1259 2019 1451 2081 possent,
1485 2022 1647 2082 singula
1676 2038 1750 2068 eos
1771 2021 1988 2082 evangelia
2016 2021 2062 2066 in
2088 2015 2212 2057 τίτλκς
2242 2017 2285 2064 &
2314 2010 2427 2064 κεφοί-
2460 2049 2473 2058 ,

206 2093 317 2125 ,λιιι
334 2079 539 2140 divisisse,
577 2083 702 2130 cuius
735 2081 918 2129 instituti
947 2082 1173 2131 aufiiorem
1202 2086 1495 2137 Ammonium
1525 2086 1897 2138 Alexandrinum
1923 2087 2056 2147 vulgo
2083 2084 2274 2134 tradunt.
2309 2076 2427 2119 virm

213 2160 335 2200 erant
355 2148 584 2197 divisiones
604 2150 790 2196 maiores
803 2184 815 2205 ,
844 2146 1029 2198 κνφοῖλσιια
1048 2167 1150 2197 vero
1171 2149 1482 2202 subdivisiones
1496 2192 1507 2211 ,
1537 2153 1698 2202 etiamsi
1717 2153 1894 2201 termini
1911 2154 1959 2199 hi
1981 2165 2300 2212 nonnunquam
2320 2164 2424 2209 pro·

213 2215 377 2266 miscue
395 2215 582 2261 adhibiti
601 2216 885 2262 inveniantur.
955 2217 1127 2263 Priores
1150 2220 1195 2264 in
1213 2219 1356 2268 codice
1379 2234 1590 2287 argenteo
1613 2238 1702 2268 non
1724 2220 1992 2275 indicantur,
2022 2214 2206 2265 „evolamus
2225 2234 2343 2272 vero,
2361 2230 2428 2262 ut·

214 2299 322 2348 pote
341 2279 634 2329 distinffiones
653 2282 868 2337 minores„
901 2283 1075 2342 oppido
1093 2299 1236 2331 tamen
1257 2287 1511 2346 inaequales,
1542 2305 1632 2334 non
1650 2301 1817 2333 tantum
1841 2286 1884 2330 in
1905 2297 2105 2330 contextu
2134 2296 2268 2327 aureo
2286 2276 2427 2336 versu,

218 2365 355 2411 quem
375 2346 483 2408 saepe
502 2346 642 2392 littera
662 2348 834 2394 orditur
853 2344 981 2393 solito
1002 2351 1166 2404 maior,
1196 2366 1235 2397 v.
1259 2352 1375 2401 Tab.
1395 2356 1445 2398 II.
1465 2354 1541 2404 lin,
1566 2355 1646 2402 ult,
1681 2350 1750 2397 sed
1770 2352 1899 2396 etiam
1927 2352 1972 2396 in
1994 2350 2189 2409 margine
2217 2345 2429 2407 appositis

218 2415 414 2467 numeris
443 2412 706 2463 indicantur,
774 2416 899 2474 Quot
927 2411 1174 2461 istiusmodi
1203 2418 1387 2477 capitula
1413 2417 1577 2478 singula
1606 2416 1823 2478 evangelia
1852 2417 2171 2472 continuerint,
2211 2429 2259 2458 ex
2288 2412 2432 2461 codice

220 2491 435 2547 argenteo
455 2475 640 2538 discere,
674 2496 764 2526 non
783 2479 961 2537 quidem
980 2478 1099 2537 licet,
1134 2499 1273 2541 quum
1295 2483 1414 2530 nulla
1437 2501 1592 2534 eorum
1615 2486 1781 2545 integra
1798 2482 2064 2530 habeamusz
2097 2479 2170 2528 sed
2189 2476 2248 2525 est
2271 2492 2429 2536 tamen,

212 2548 341 2596 ”nde
367 2546 485 2592 hunc
511 2539 731 2592 deermm
758 2542 961 2605 supplere
990 2545 1130 2596 liceat.
1201 2548 1371 2599 Suidas
1399 2551 1541 2609 enim,
1573 2567 1622 2599 ut
1646 2566 1748 2600 eum
1773 2565 1914 2596 unum
1938 2547 2165 2598 aussorem
2193 2546 2347 2609 citem,
2382 2547 2430 2594 in

227 2613 412 2676 vocibus
429 2604 548 2652 ¹5¹²*ss
567 2609 611 2662 δι
628 2605 814 2661 uaedam
831 2610 978 2672 docet,
1008 2611 1202 2664 habuisse
2338 2612 2340 2616 ’

1227 2680 1504 2732 Matthoeum
1539 2678 1663 2726 τῖτλυς
1746 2689 1808 2739 68
1844 2676 2032 2734 necabimus
2119 2691 2213 2744 355

1224 2750 1443 2799 Marcum
1743 2758 1811 2811 48
2117 2752 2218 2810 236

1226 2816 1401 2864 Lucam
1752 2825 1778 2873 8
1788 2831 1815 2880 3
2117 2821 2214 2874 348

1226 2880 1486 2957 Jolzannem
1675 2920 1704 2926 2
1759 2897 1780 2932 1
1791 2889 1820 2940 8
2113 2890 2174 2947 23
2185 2894 2211 2945 3

2380 2947 2439 3004 Et
