2473 3380
854 162 860 179 Ι
921 105 966 155 L
1009 104 1246 162 UCAE.
1311 110 1490 165 Vnt.
2236 136 2296 184 59

162 215 365 266 wratoda
382 215 435 279 v)
459 215 559 266 and
583 213 766 284 baurgs·
773 215 863 281 jah
895 216 1070 268 haimos
1095 221 1155 281 x)
1299 223 1382 271 iret
1399 240 1480 285 per
1497 223 1628 272 urbes
1650 222 1694 272 ὅτ
1711 226 1842 286 viem,
1860 230 2100 292 pr'aedicans
2112 230 2154 280 ὅ(
2172 249 2294 282 evan-

161 282 391 347 merjands
425 281 510 346 jalz
545 283 902 349 wailaspillonds
936 288 986 354 y)
1036 287 1153 334 thiu·
1297 289 1482 350 gelizans
1516 307 1703 353 regnum
1724 295 1823 347 Dei,

159 349 394 413 dangardja
434 349 578 412 goths.

93 429 137 468 2.
177 415 252 477 jah
298 418 489 476 quinons
538 416 687 463 thozei
725 415 870 464 wesun
906 415 1155 484 galeikino·
1235 434 1278 468 2.
1312 423 1367 468 Et
1393 423 1618 481 mulieres,
1654 442 1750 486 quae
1778 442 1898 474 erant
1918 425 2067 474 sanatae
2094 427 2292 491 aspiriti·

158 481 241 530 dos
267 486 310 541 z)
339 483 523 529 ahmane
552 482 738 529 ubilaize
772 483 846 546 jah
870 482 1077 548 sauhtel.
1102 485 1154 543 a)
1299 486 1382 534 bus
1412 491 1541 536 malis
1571 491 1614 537 ὅ(
1642 491 1834 551 morbis,
1869 494 1912 542 ὅ(
1931 495 2077 542 Maria
2106 512 2202 556 quae
2220 514 2292 545 vo-

144 545 410 612 jah'marja
429 548 477 608 b)
511 547 568 595 sei
589 550 761 597 haitana
780 567 863 597 was
884 551 1152 613 magdalene,
1294 554 1471 600 cabatur
1500 556 1784 618 Magdalena,

94 627 138 671 3.
162 611 473 681 fauraggjins
498 618 540 676 c)
569 613 767 666 herodes.
799 618 858 676 d)
1233 632 1277 678 3.
1314 617 1510 667 Praefessi
1543 622 1700 670 domus
1729 627 1940 675 Herodis.

89 679 148 730 ib.
176 680 252 744 jah
278 683 481 729 antharos
507 698 714 745 managos
742 683 890 730 thozei
909 679 1151 743 andbahte·
1228 682 1291 734 ib.
1311 686 1367 729 Et
1385 685 1478 731 aliae
1505 688 1674 743 multae,
1713 708 1808 752 quae
1835 691 2134 743 ministrabant
2159 695 2220 741 eis
2241 694 2294 745 de

153 746 309 797 dadun
336 748 383 814 e)
415 751 480 797 im
505 766 557 796 us
590 750 778 811 aiginam
790 746 1003 811 fiinaim.
1024 743 1085 812 f)
1294 747 1573 801 facultatibus
1603 752 1704 805 suis.

1259 818 1309 862 H
1341 829 1371 866 2
2247 844 2296 884 4.

190 953 391 1003 latinisque
416 952 718 1004 geminationem
736 949 839 988 illam
856 949 973 997 λέξειν
992 948 1251 999 &dompmea
1264 981 1273 999 ,
1304 964 1421 1003 quam
1441 951 1550 1003 χ’ἧμσι
1567 949 1789 1003 ’ragamboto
1806 959 1978 1007 ποιςέλκοι
1997 970 2150 1007 vocant,
2187 961 2295 1002 ufita-

193 1016 273 1045 tam
290 1003 412 1045 fuisse.
470 1004 532 1043 cfr.
567 1002 779 1042 Wachterus
796 1004 837 1041 in
854 1003 1114 1044 Hellenolexia
1131 1004 1198 1044 lib.
1221 1017 1254 1045 1.
1276 1018 1353 1057 cap.
1377 1007 1413 1045 6.
1439 1020 1464 1058 p
1496 1020 1549 1045 m.
1572 1018 1662 1054 155·
1691 1010 1877 1050 Particula
1900 1013 1951 1058 ei,
1987 1024 2070 1063 quae
2091 1015 2176 1053 voci
2201 1015 2296 1056 inte·

192 1056 672 1110 giaeradiiciturrariffime‚
700 1055 912 1108 euphonica
930 1055 992 1095 est.
1043 1071 1080 1097 v.
1099 1057 1201 1098 Edw.
1228 1057 1294 1108 Lye
1322 1056 1445 1098 Gram
1476 1059 1590 1100 Goth.
1617 1073 1654 1112 p.
1672 1059 1787 1101 XLI:

137 1109 182 1158 v)
209 1113 359 1150 Vocem
376 1124 423 1150 ex
440 1110 569 1150 codice
585 1109 745 1149 restituit
761 1111 802 1148 B.
821 1120 982 1161 eamque
1001 1108 1140 1159 Junius
1158 1109 1315 1150 affinem
1333 1123 1443 1165 putat
1459 1112 1620 1166 Angloss
1642 1116 1860 1167 vraecntgan,
1896 1117 1955 1156 vel
1978 1118 2106 1170 potius
2132 1119 2296 1161 Gothico

189 1161 348 1211 wrilzan,
375 1177 413 1203 v.
432 1162 550 1203 Gloss.
571 1177 596 1216 p
630 1175 721 1211 410.
777 1163 1036 1203 Commodius
1052 1177 1140 1203 vero
1157 1163 1356 1205 referimus
1377 1165 1423 1205 ad
1442 1168 1647 1218 antiquum
1666 1166 1761 1206 illud
1779 1181 1881 1219 rata,
1912 1173 2161 1224 peregrinari,
2190 1175 2299 1226 quod

190 1215 324 1257 videsis
345 1216 449 1269 apud
473 1218 511 1255 V
508 1216 585 1256 erel.
604 1217 644 1256 in
661 1215 790 1254 Indice
800 1230 811 1262 3
839 1230 930 1255 nam
945 1227 1032 1256 ante
1058 1231 1079 1255 r
1095 1218 1314 1258 invenimus
1330 1218 1421 1271 saepe
1440 1220 1613 1259 labialem
1630 1233 1667 1259 w
1683 1220 1936 1274 praepofitam,
1965 1235 2010 1264 ut
2034 1224 2172 1265 docent
2199 1227 2238 1277 1)
2256 1228 2297 1267 in

190 1268 425 1309 domesticis:
456 1268 540 1317 raa,
565 1268 686 1316 wrcik,
716 1279 872 1321 ruptura
892 1270 1047 1322 glaciei,
1074 1270 1157 1322 rist,
1197 1270 1318 1322 wrist,
1367 1270 1503 1319 tarsus,
1551 1273 1639 1311 reka
1666 1285 1726 1320 at,
1775 1274 1904 1313 wraeka
1920 1288 1985 1321 ut,
2027 1279 2180 1326 eiicere,
2226 1282 2295 1325 ἃς,

192 1324 237 1372 2)
257 1323 298 1362 in
317 1323 460 1374 linguis
477 1323 669 1374 cognatis:
697 1324 830 1362 Franc⁴
847 1325 984 1374 reipen,
1014 1324 1132 1373 ripen,
1161 1325 1268 1375 Belg.
1287 1337 1453 1373 myrea,
1482 1325 1608 1372 fiiare,
1636 1324 1777 1366 fricare.
1835 1330 1965 1368 Franc.
1987 1331 2110 1378 rizan,
2135 1332 2296 1384 Anglos.

188 1377 343 1423 wvw’ttm,
370 1375 550 1423 scribere,
576 1387 744 1421 exarare,
783 1387 802 1412 a
821 1374 936 1413 Goth.
954 1376 1063 1421 writ,
1099 1376 1224 1423 litera,
1266 1373 1362 1415 Luc.
1382 1388 1442 1423 17,
1463 1388 1502 1423 7.
1529 1379 1711 1418 German.
1735 1380 1878 1431 ringen,
1922 1380 2083 1434 Anglofi
2118 1387 2294 1436 toringan,

187 1429 317 1468 Franc.
335 1429 371 1466 ὃ(
387 1428 512 1468 Alam,
532 1439 687 1479 ruagan,
716 1429 773 1466 M.
793 1426 907 1466 Goth.
926 1427 1110 1480 νγΙιϊοῘαη,
1138 1426 1322 1469 accusare.
1377 1430 1509 1469 Franc.
1532 1432 1566 1468 ὃ(
1589 1429 1718 1470 Alam.
1741 1431 1878 1479 richen,
1915 1434 2057 1481 rechen,
2093 1437 2154 1478 M
2174 1438 2296 1482 Goth.

187 1478 345 1528 wrikan,
373 1480 578 1520 vindiEiam
596 1480 744 1518 sumere
763 1479 810 1518 de
830 1494 896 1526 eo,
924 1481 991 1532 qui
1007 1478 1155 1519 malum
1179 1481 1289 1529 fecit,
1320 1492 1385 1522 aut
1403 1481 1526 1521 feciffe
1552 1493 1727 1534 putatur,
1765 1485 1835 1524 &a
1905 1486 2021 1528 Unde
2039 1501 2120 1527 non
2143 1499 2294 1530 tantum

187 1532 351 1585 probalis
369 1532 541 1572 redditur
558 1532 681 1572 nostra
704 1531 1029 1585 conieciuragsed
1053 1534 1175 1585 liquet
1200 1535 1335 1581 etiam,
1381 1535 1486 1587 quod
1515 1535 1589 1576 hoc
1614 1537 1698 1576 loeo
1732 1536 1854 1577 obiter
1882 1551 2109 1589 monemus,
2136 1544 2299 1584 Francos

190 1585 394 1639 praesertim
421 1589 454 1626 8<
473 1588 730 1633 Alamannos,
758 1599 854 1638 quos
874 1586 987 1626 hodie
1004 1585 1215 1638 sequuntur
1234 1589 1433 1635 Germani,
1470 1587 1616 1628 literam
1639 1589 1737 1629 hanc
1761 1603 1782 1629 a
1809 1591 1943 1631 Gothis
1968 1592 2160 1645 praefixam
2184 1611 2294 1648 repu-

186 1639 308 1679 diare:
338 1649 383 1680 ut
405 1640 499 1679 adeo
517 1654 564 1680 ex
579 1639 637 1680 his
654 1641 687 1681 8<
707 1638 889 1680 sexcentis
907 1640 986 1679 aliis
1004 1641 1130 1692 quivis
1151 1640 1259 1680 facile
1280 1642 1504 1683 intellexerit
1522 1644 1679 1684 illorum
1697 1644 1875 1697 linguam
1892 1646 1927 1686 ὅ(
1953 1646 2199 1699 Ulphilanam
2216 1663 2296 1690 non

185 1691 258 1731 ess'e
275 1692 368 1732 adeo
384 1691 539 1733 sororias
551 1722 561 1741 ,
589 1703 634 1733 ut
650 1703 787 1746 putant
804 1693 937 1740 multi,
973 1707 1023 1732 ne
1041 1693 1138 1736 dum
1155 1707 1276 1734 unam
1303 1696 1336 1733 ὅ(
1357 1694 1533 1735 eandem.

132 1742 181 1795 x)
208 1746 269 1786 Sic
285 1746 402 1786 rcere:
430 1760 512 1786 non
530 1745 780 1799 and'baurgins
791 1775 801 1794 ,
828 1757 874 1785 ut
888 1745 1092 1798 suspicatur
1109 1749 1156 1792 Β.
1211 1748 1399 1802 Legimus
1416 1762 1528 1801 porro
1547 1749 1678 1790 haimos
1696 1750 1737 1791 in
1755 1751 1839 1793 cod.
1858 1754 1955 1804 Arg.
1976 1766 2045 1806 pro
2064 1753 2177 1803 haimo
2195 1757 2295 1810 apud

183 1800 217 1851 J.
240 1800 273 1838 ὅ(
293 1800 350 1842 St.
375 1798 442 1841 cfi·.
462 1797 606 1841 Matth.
628 1811 664 1850 9,
686 1811 744 1847 35.
774 1801 889 1842 Marc.
914 1800 950 1847 6,
970 1801 1031 1847 56.
2060 1847 2062 1849 Ι

119 1849 171 1902 y)
201 1853 238 1905 J.
257 1852 290 1890 ὃ(
311 1853 362 1892 St.
385 1858 510 1893 carent
528 1853 654 1905 aliqua
670 1863 786 1906 parte.
808 1885 812 1889 ,
840 1855 881 1895 Β.
901 1852 1014 1892 habet
1028 1852 1327 1906 tlziutlzspillonds‚
1356 1865 1401 1893 ut
1419 1856 1511 1896 Luc.
1535 1867 1568 1902 3,
1595 1861 1653 1899 18.
1673 1865 1886 1909 utrumque
1901 1858 2028 1911 probae
2046 1870 2144 1901 notae
2175 1860 2237 1911 est,
2259 1864 2296 1903 S:

150 1904 153 1910 ’
187 1907 433 1957 componitur
450 1907 510 1946 vel
526 1905 709 1953 atlziuths,
735 1905 840 1945 unde
857 1905 1063 1958 thiutlzeigs,
1091 1906 1237 1950 bonus.
1273 1908 1332 1948 vel
1352 1922 1372 1947 a
1390 1908 1515 1956 waila,
1552 1908 1678 1948 Sveth.
1701 1910 1797 1957 wael,
1836 1911 1952 1960 bene,
1992 1915 2026 1952 ὃ(
2041 1913 2193 1966 spillon,
2231 1930 2295 1956 an-

181 1959 386 2006 nunciare,
412 1961 506 1998 Luc.
528 1974 563 2006 2,
587 1971 643 1997 10.
671 1960 718 1998 Isl
739 1959 869 2011 spilla,
888 1957 1041 2012 spiallm
1065 1960 1184 2012 loqui,
1208 1970 1252 1999 ut
1270 1963 1432 2004 Havam.
1455 1973 1517 2007 72.
1535 1964 1547 1999 i
1566 1960 1708 2010 myrker
1726 1962 1789 2000 vid
1802 1963 2043 2017 manspialla:
2061 1968 2110 2009 ¹in
2130 1969 2295 2009 tenebris

184 2023 278 2053 eum
295 2013 442 2064 virgine
459 2013 651 2064 loquitor:
679 2012 782 2053 unde
794 2011 988 2065 guffioiall,
1017 2014 1137 2065 Angl.
1150 2012 1308 2067 goalspel,
1331 2014 1418 2068 gods
1429 2036 1442 2042 -
1442 2013 1551 2067 spell,
1579 2014 1741 2054 verbum
1757 2017 1851 2064 Dei,
1877 2020 2135 2071 euangelium.
2183 2022 2294 2062 Olofs

183 2065 274 2117 Sag.
296 2078 327 2104 c.
351 2077 364 2103 1
377 2077 436 2105 21.
455 2065 547 2103 their
563 2063 658 2103 komo
675 2067 689 2103 i
704 2065 791 2104 than
806 2067 893 2103 tima
911 2078 950 2103 er
970 2063 1053 2104 lokit
1073 2080 1141 2104 var
1155 2065 1360 2119 gzttfivialli:
1387 2077 1574 2107 venerunt
1592 2065 1699 2107 finita
1719 2068 1880 2110 leffione
1902 2073 2107 2124 evangelii:
2145 2075 2180 2113 ἃ
2201 2075 2292 2127 gud-

172 2114 420 2167 inallabokim
448 2118 542 2157 liber
557 2119 857 2167 evangeliorum.
886 2116 955 2156 cfr.
973 2117 1086 2159 Verel.
1108 2119 1150 2158 in
1171 2130 1254 2160 not.
1276 2120 1323 2159 ad
1341 2121 1465 2163 ‘Hei-v.
1484 2122 1522 2161 S.
1554 2133 1587 2159 c.
1612 2132 1671 2167 ¹7·
1696 2135 1735 2173 p.
1759 2123 1804 2160 16
1812 2135 1845 2169 3.
1866 2124 1901 2163 ὃς
1928 2125 2084 2165 Waclzt,>
2103 2127 2155 2166 in·
2170 2125 2291 2168 Gloss‘.

183 2181 220 2208 v.
229 2166 314 2219 spil.
351 2169 568 2208 Praeeedens
587 2168 762 2220 merjands
780 2168 985 2209 commode
1003 2170 1130 2209 referri
1150 2172 1301 2211 videtm·
1325 2171 1373 2210 ad
1396 2178 1510 2219 mari,
1543 2173 1717 2221 celebr1s‚
1751 2187 1893 2223 maren,
1932 2178 2136 2220 celebrare,
2175 2180 2290 2221 Gloss.

182 2218 343 2274 Gaffizri‚
371 2221 475 2261 unde
486 2222 643 2273 Belgis,
667 2235 783 2269 mare,
811 2221 1027 2270 celebritas,
1053 2235 1258 2272 vermaren‚
1288 2223 1496 2272 celebrare,
1533 2226 1576 2263 in
1601 2225 1808 2266 Collestan.
1832 2225 2002 2279 Etymol.
2031 2231 2083 2269 ill.
2125 2230 2292 2274 Leibniti?

181 2287 219 2326 p.
241 2286 326 2314 120.
349 2275 384 2313 ὃ(
401 2274 500 2324 Jun.
520 2275 560 2313 in
578 2272 698 2315 Gloss‘.
718 2288 758 2326 p.
782 2285 871 2321 253.
959 2308 964 2312 .
2201 2313 2204 2316 ,

126 2327 167 2378 z)
194 2328 249 2366 Ita
266 2326 386 2369 codex
401 2329 436 2367 ὅ(
454 2329 501 2376 132
514 2327 623 2368 reste.
647 2326 787 2375 Junius
795 2324 1024 2377 galeikinode,
1054 2328 1160 2380 quod
1183 2327 1362 2369 vitiosum
1387 2343 1456 2384 pro
1480 2329 1667 2370 nominat.
1693 2330 1791 2383 plur.
1819 2344 1938 2385 quem
1961 2335 2162 2387 requirunt
2188 2348 2288 2381 ante-

178 2379 361 2421 cedentia.
416 2382 471 2422 St.
491 2392 627 2427 vocem
643 2392 723 2418 non
743 2378 872 2418 habet.

129 2433 168 2483 a)
191 2435 231 2486 J.
249 2435 281 2472 8(
301 2435 356 2473 St.
363 2431 563 2484 fimlztaim,
591 2432 688 2473 foret
704 2443 834 2472 autem
842 2429 1020 2484 sauhtim,
1056 2435 1181 2480 Marc.
1207 2448 1239 2484 1,
1264 2448 1323 2486 34.
1354 2435 1382 2477 fi
1410 2436 1537 2480 casum
1565 2438 1724 2479 tertium
1747 2438 1933 2491 pluralem
1949 2438 1998 2483 rh.
2016 2441 2041 2483 1.
2072 2442 2285 2488 admittere·

176 2498 287 2525 mus:
314 2485 377 2525 sed
394 2486 515 2526 codex
532 2496 733 2538 repugnat.
2196 2511 2199 2514 ·

127 2537 168 2586 b)
195 2539 306 2590 Legit
322 2538 494 2591 Ulphilas
508 2541 569 2577 καὶ
585 2538 728 2589 Magia,
758 2539 920 2579 docente
934 2542 1026 2582 Rev.
1046 2539 1221 2583 Benzelio.
1304 2575 1310 2582 .
1331 2544 1365 2582 8(
1389 2545 1446 2587 St.
1474 2545 1661 2584 omittunt
1673 2545 1757 2597 jah.
2185 2579 2189 2581 .

126 2591 164 2643 c.)
190 2592 272 2638 Sic,
317 2604 396 2652 non
407 2590 693 2649 fauragagjins,
719 2602 764 2632 ut
780 2602 910 2634 tamen
928 2594 1066 2635 melius
1084 2594 1177 2636 editi
1184 2611 1197 2644 ‚·
1240 2609 1260 2636 e
1308 2597 1416 2639 enim
1439 2611 1514 2638 vox
1531 2598 1693 2640 conflata
1719 2612 1767 2640 ex
1778 2596 1902 2649 fitura
1926 2600 2204 2655 praepofitione,
2246 2606 2283 2647 St

203 2658 221 2681 a
272 2656 316 2681 an
372 2657 437 2684 ire.

124 2658 429 2744 d>gsffigstulimus
445 2691 604 2746 σφᾶλμω
631 2696 914 2750 typotlieticum
935 2699 1037 2752 apud
1051 2701 1108 2742 St.
2199 2741 2201 2743 ,

125 2767 162 2820 e)
188 2767 292 2808 Editi
310 2766 618 2808 andbahteidedun.
673 2769 906 2820 Regularit'er
924 2769 1021 2811 foret
1046 2769 1325 2813 andbahtidedun
1342 2771 1389 2813 ab
1409 2772 1644 2826 andbahtjan,
1670 2784 1735 2815 ut:
1761 2772 1963 2826 laistidedun
1980 2789 2002 2815 a
2019 2775 2175 2830 laistjan,
2192 2779 2280 2833 sati-

179 2820 293 2860 dedun
309 2833 331 2860 a
338 2819 462 2873 stztjan
482 2822 550 2860 ἅς.
605 2822 806 2862 Servamus
829 2834 958 2864 tamen
973 2825 1178 2867 leftionem
1203 2825 1345 2869 codicis
1371 2831 1469 2881 Arg.
1522 2829 1583 2871 De
1608 2841 1701 2875 tre-ce
1726 2840 1845 2882 pauca
1879 2827 2121 2875 differuimus
2156 2833 2277 2880 Marc.

179 2886 240 2921 10,
257 2885 324 2921 45.
379 2871 462 2915 cfr.
480 2873 644 2927 Specim.
658 2874 772 2916 Gloff,
789 2876 935 2929 Ulphil.

123 2926 173 2978 f)
200 2929 239 2980 J.
259 2929 290 2967 ἃ
307 2927 372 2977 Sti„
380 2939 502 2968 errore
520 2927 767 2981 typopiaphi,
786 2928 938 2982 seinaim
