2473 3380
963 108 1284 164 LUCAE.
1384 107 1426 164 Ῑ.
2235 131 2302 180 39

108 228 190 280 25.
225 213 418 265 afniman
461 211 612 267 idweit
635 215 684 281 k)
714 218 846 266 mein.
1243 235 1324 281 25¹.
1358 217 1868 285 Auferre'opprobrium
1899 221 2064 272 menni.

106 293 182 340 28.
222 281 371 346 fagino
396 286 543 345 anstai
561 284 831 350 audahafta.
858 286 898 348 l)
1241 297 1323 343 28.
1359 290 1519 343 Laetare
1538 293 1684 350 gratiae
1711 290 1831 338 valde
1858 291 1998 351 plena.

107 365 190 406 29.
225 350 543 411 gathlahsnoda
569 349 616 399 bi
645 350 914 418 innagalztai
941 353 1010 417 m)
1048 355 1097 404 is.
1240 369 1321 410 29.
1358 354 1555 402 Turbata
1579 353 1638 402 est
1703 383 1719 392 -
1788 384 1804 393 -
1871 382 1888 391 ·
1957 357 2066 406 eiua.

103 416 168 466 ib.
201 417 273 479 jah
303 413 465 464 thahta
479 417 551 481 fis
579 417 628 477 η)
660 418 857 476 qheleika
884 419 975 466 wesi
1003 418 1050 465 so
1087 436 1161 481 go·
1238 418 1299 468 ib.
1336 423 1392 466 Et
1422 420 1659 481 cogitabat,
1702 420 1842 481 qualis
1872 418 1973 468 esset
2013 422 2105 469 haec
2148 422 2296 473 saluta·

173 481 280 527 leins
331 480 468 530 thatei
480 480 586 546 snm
609 481 833 533 thizaetlzia'a
852 490 955 532 izai.
984 487 1028 544 ο)
1308 486 1393 540 tio,
1432 487 1551 545 quod
1577 486 1631 533 fic
1664 487 1882 533 benedixit
1906 489 1964 536 ei.
2372 536 2378 537 t

106 558 187 610 32.
218 547 292 610 jah
320 546 452 595 sunus
484 546 730 617 hauhssins
748 553 803 615 p)
838 550 1024 599 haitada.
1088 546 1163 612 jab
1242 564 1317 612 32.
1380 553 1438 596 Et
1484 550 1604 598 filius
1662 550 1852 600 altiffimi
1918 553 2179 610 vocabitur,
2256 552 2300 601 8<

2166 618 2302 686 gibid

154 708 203 759 k)
225 712 367 750 Favent
392 711 427 762 J.
449 712 484 749 ἃ
498 713 538 752 Β.
559 711 684 751 eidem
707 713 871 751 lectioni.
925 713 977 750 St.
994 710 1150 757 idweith,
1177 725 1215 752 v.
1235 710 1349 749 Gloff.
1371 711 1486 762 Ulplt.
1509 710 1628 755 Goth.
1648 721 1758 766 p.97,
1813 718 1899 754 Nos
1923 714 2115 754 reiicimus
2132 713 2156 751 h
2171 711 2296 760 finale,

206 763 326 814 idque
354 761 532 815 suffragio
559 778 698 804 vocum
723 763 901 803 affinium
918 761 1077 812 Angloss
1094 762 1202 809 edvit,
1232 762 1354 808 cede-it,
1385 763 1565 810 obicfflo,
1597 767 1864 818 opprobrium,
1890 767 2059 814 ced-eitun,
2094 767 2296 817 imputare,

206 816 442 868 exprobrare.
470 819 597 857 Frane.
619 819 653 855 ὃ(
680 817 807 856 Alam.
833 815 969 860 eduuit,
994 816 1174 860 intumuit,
1201 816 1316 853 ituuiz
1348 816 1443 865 Belg
1484 830 1626 864 veram,
1655 831 1842 865 vervjyten,
1869 820 1927 857 Isl.
1954 821 2048 866 avit,
2077 818 2295 869 increpati0‚

204 872 322 915 avita,
348 869 552 921 increpare.
609 871 734 907 Germ.
761 866 896 918 wefin,
924 865 1124 917 verwezfi’n,
1154 867 1362 918 inculpare.
1406 867 1601 906 Nostrates
1623 868 1790 919 sorvita,
1814 868 1992 919 fiir-mitelli
2001 883 2015 914 ,·
2056 872 2197 908 etenim
2226 883 2295 909 no·

210 920 333 960 strum
342 919 436 971 fb‘r,
462 920 616 973 perinde
643 933 685 960 ac
705 917 888 959 German.
908 933 989 966 ver,
1018 927 1062 957 ut
1077 918 1244 959 observat
1265 919 1475 958 Wachteras
1494 920 1606 964 Glofl‘.
1630 923 1755 961 Germ·
1787 935 1823 972 p.
1839 929 1935 967 1778
1979 933 2094 972 auget
2111 921 2295 973 fignifica-

206 985 314 1022 tum,
345 976 380 1012 8<
396 988 442 1012 ex
460 973 617 1025 simplici
639 973 848 1012 obiectione
872 971 962 1011 facit
986 984 1110 1011 acrem
1128 973 1164 1011 ὃ(
1183 971 1464 1012 vehementem.
1494 987 1532 1012 v.
1551 973 1669 1013 Schilt.
1691 973 1804 1013 Gloff.
1825 976 1993 1013 Teuton.
2014 987 2049 1024 p.
2065 985 2148 1018 255‘-
2207 977 2297 1013 Vox

204 1026 399 1066 referenda
426 1025 474 1065 ad
504 1026 564 1069 lsl.
589 1027 684 1073 vita,
713 1038 889 1077 arguere,
917 1025 1160 1075 convincere,
1185 1039 1222 1064 v.
1245 1024 1358 1063 Verel.
1387 1026 1427 1064 in
1453 1025 1582 1065 Indice
1606 1040 1643 1078 p.
1659 1038 1748 1077 295.
1803 1026 1919 1075 Junio
1947 1029 1990 1067 &1
2005 1025 2193 1064 Wachtero
2222 1040 2298 1066 vox

204 1079 284 1119 haee
309 1080 426 1129 longe
451 1091 531 1118 non
555 1074 725 1118 recedere
749 1079 897 1118 videtur
922 1091 943 1117 a
964 1090 1072 1129 graec.
1091 1073 1217 1125 αἰτίαι,
1245 1078 1411 1124 crimen,
1437 1077 1645 1126 αἰτιὶοθοιι,
1671 1075 2105 1126 criminis'infimulare,
2134 1079 2296 1129 culpare,

204 1145 272 1184 per
295 1130 501 1182 prosthefin
524 1132 638 1171 literae
663 1146 709 1172 w.
738 1131 793 1170 cfr
821 1143 955 1170 eorum
973 1128 1093 1173 Gloff.
1114 1143 1184 1171 nec
1211 1144 1292 1170 non
1307 1129 1427 1170 Schilt.
1457 1131 1480 1169 1.
1497 1133 1557 1171 cit.
1585 1145 1623 1184 p.
1648 1139 1736 1183 879.

153 1183 190 1234 l)
217 1186 254 1237 J
280 1186 316 1222 ὅ(
343 1185 395 1223 St.
423 1185 678 1224 coniunfflm:
711 1182 1032 1235 atstaiaudahafta.
1088 1185 1132 1224 B.
1160 1193 1288 1222 autem
1314 1181 1481 1231 divissm,
1509 1185 1566 1231 ἃ,
1597 1184 1724 1224 nostro
1750 1186 1915 1233 iudicio,
1951 1187 2115 1238 optime;
2142 1186 2297 1225 nullum

204 1237 345 1289 quippe
362 1236 666 1290 apudUlphilam
685 1238 902 1276 invenimus
922 1236 1142 1287 exemplum
1160 1237 1262 1274 vocis
1282 1235 1482 1274 cuiusdam
1501 1250 1548 1275 ex
1567 1236 1686 1277 tribus
1701 1239 1924 1278 nominibus
1940 1238 2297 1291 compofitae.Ansts,

203 1290 346 1341 gratia,
373 1292 464 1328 Luc.
486 1304 529 1336 2,
555 1303 617 1336 40.
644 1287 803 1339 Anglos.
823 1287 889 1339 est,
916 1300 1042 1335 amor,
1071 1288 1219 1334 caritas,
1246 1287 1370 1334 favor,
1397 1287 1674 1329 benevolentia.
1729 1290 1862 1330 Sueth.
1882 1291 1950 1341 ast,
1977 1292 2160 1339 amicitia,
2189 1304 2297 1330 amor

201 1341 299 1380 inter
318 1341 526 1380 ambientes
542 1341 854 1386 matrimonium,
885 1341 920 1378 ὃ(
939 1353 1046 1378 amor
1064 1340 1162 1377 inter
1182 1341 1417 1390 coniugatos.
1450 1340 1514 1378 cfr.
1535 1341 1674 1380 Hickes.
1693 1343 1733 1380 in
1748 1342 1926 1381 Thesaur.
1948 1345 1981 1381 ὃ(
1993 1345 2120 1382 Gram.
2138 1341 2299 1394 Angloss

206 1395 242 1432 ὃ(
261 1391 421 1444 Moesog.
438 1407 474 1445 p.
497 1404 581 1438 13¹·
600 1395 730 1432 Franc.
748 1391 825 1442 urst
844 1392 901 1430 vel
917 1390 1006 1440 eust,
1034 1392 1171 1441 gratia:
1200 1391 1304 1429 unde
1322 1390 1488 1441 otfridus
1504 1394 1545 1431 L.
1571 1404 1602 1431 1.
1624 1393 1672 1433 C.
1684 1395 1731 1431 V.
1751 1408 1774 1431 v
1802 1395 1860 1438 36.
1888 1394 1934 1433 de
1953 1394 2085 1434 eadem
2103 1397 2163 1434 illa
2172 1398 2294 1434 Evan-

205 1446 325 1498 gelica
342 1444 572 1489 salutatione,
585 1443 650 1495 fi’l
671 1442 758 1495 histu
773 1455 870 1493 gotes
891 1442 995 1493 ensti,
1022 1443 1131 1495 plena
1151 1456 1188 1482 es
1202 1444 1276 1482 Dei
1293 1444 1423 1495 gratia.
1444 1457 1478 1484 v.
1490 1442 1602 1483 Schilt.
1620 1444 1662 1483 in
1682 1443 1796 1484 Gloss.
1814 1448 1934 1487 Teut.
1960 1460 1999 1498 p.
2021 1458 2080 1492 52.
2135 1448 2295 1486 Eadem-

205 1509 282 1550 que
301 1495 523 1548 fignificatio
539 1495 591 1536 est
607 1496 721 1535 huius
739 1497 840 1535 vocis
856 1497 896 1536 in
914 1495 1026 1535 Gloff
1047 1494 1209 1534 Rhabam*
1223 1495 1374 1543 Mauri,
1403 1496 1569 1543 Keronis,
1593 1495 1774 1548 Lipfiano,
1802 1499 1870 1537 &e
1890 1497 1979 1538 teste
1998 1498 2150 1538 Eccardo
2167 1501 2207 1539 in
2226 1513 2294 1539 no-

201 1553 251 1590 tis
267 1549 315 1589 ad
333 1559 586 1590 monumenta
595 1549 785 1589 Catechet.
803 1563 840 1600 p.
857 1560 944 1595 ¹27·
1001 1551 1058 1587 Ex
1077 1548 1215 1588 eodem
1232 1548 1337 1588 fonte
1354 1548 1685 1599 habemusynnest,
1702 1552 1737 1589 ὃ(
1754 1564 1774 1589 a
1793 1549 1944 1602 praefixo
1958 1565 2002 1604 ge
2019 1552 2054 1590 ἃ
2074 1552 2160 1602 anst,
2173 1552 2294 1605 gnnst,

203 1603 486 1650 benevolentia,
514 1603 630 1644 favor.
685 1601 754 1643 cfr.
775 1601 918 1639 Wacm.
938 1600 1049 1640 Gloff.
1070 1615 1104 1640 v.
1115 1615 1278 1655 gunnen:
1304 1600 1498 1652 audahafta
1516 1604 1761 1653 componitur
1777 1617 1823 1643 ex
1839 1602 1990 1655 audags.
2017 1604 2132 1650 dives,
2151 1605 2296 1653 beatus,

205 1656 312 1708 quod
337 1655 389 1695 est
414 1669 460 1694 ex
484 1655 594 1703 auda,
624 1655 738 1694 veteri
762 1655 895 1706 lingua
920 1653 1082 1694 nostrate
1105 1653 1238 1701 audur,
1267 1667 1372 1707 opes,
1403 1654 1560 1701 divitiae,
1587 1668 1691 1695 nunc
1709 1655 1786 1703 fide,
1815 1655 1919 1695 uncle
1937 1654 2070 1707 Upsala
2093 1655 2172 1704 esde,
2202 1670 2294 1709 opes

204 1710 263 1748 vel
284 1707 453 1761 poffeffio
481 1708 579 1759 regis
593 1706 831 1760 Uplalienfis.
886 1721 919 1745 v.
939 1706 1028 1746 edit.
1048 1707 1157 1745 Benz.
1176 1706 1223 1745 ad
1242 1707 1279 1747 h.
1299 1709 1321 1745 1.
1342 1721 1380 1758 p.
1405 1719 1471 1753 ¹5²
1514 1709 1608 1746 item
1631 1714 1764 1746 Loccen.
1819 1712 1907 1748 Lex.
1927 1711 2007 1759 Jur.
2021 1710 2161 1760 Sueog.
2182 1723 2218 1761 p.
2238 1722 2294 1751 m.

210 1769 299 1813 198.
324 1771 410 1812 199.
440 1762 475 1800 ὃ(
493 1759 626 1808 haban,
652 1760 807 1800 habere:
837 1759 991 1799 denotat
1017 1761 1137 1811 igitur
1163 1760 1413 1812 locupletem,
1443 1759 1620 1807 divitem,
1647 1760 1758 1800 bonis
1777 1760 1970 1809 refertam,
1997 1772 2042 1800 ut
2061 1761 2155 1802 adeo
2179 1763 2294 1803 inter·

202 1814 362 1867 pretatio
380 1812 621 1852 Stierm'ziehnii
646 1814 687 1852 in
705 1813 780 1855 h.l.
793 1813 944 1851 admitti
966 1823 1147 1864 nequeat,
1176 1826 1208 1851 v.
1231 1812 1383 1852 Glossar.
1403 1813 1516 1864 Ulph.
1535 1812 1636 1852 Goth
1675 1828 1698 1852 v
1718 1813 1886 1871 faginon.

148 1867 203 1918 m)
229 1866 352 1906 Editi:
380 1864 414 1905 bi
438 1863 666 1920 innsagahtai.
721 1867 846 1906 Vertit
871 1868 912 1905 B.
935 1864 1106 1905 sermone
1133 1867 1171 1918 J.
1194 1866 1225 1904 ὃ(
1243 1867 1296 1905 St.
1317 1867 1357 1904 in
1377 1864 1493 1906 Glols.
1512 1867 1545 1904 3<
1575 1864 1747 1906 [ambert.
1806 1867 1964 1905 Katenus
1982 1867 2024 1906 in
2042 1864 2295 1920 Gemeenfihap

201 1916 311 1972 tuffin
329 1917 368 1956 de
384 1917 556 1970 Gottzfihe
576 1918 731 1971 Spraeke
755 1933 797 1958 en
813 1917 853 1956 de
875 1917 1167 1968 Nederdtgytsche,
1195 1932 1235 1970 p.
1258 1929 1303 1964 53
1352 1933 1398 1958 ex
1427 1918 1583 1970 obliquo
1610 1918 1682 1957 hoc
1706 1916 1790 1957 casu
1814 1921 1959 1959 retium
1985 1919 2153 1959 formant
2179 1919 2293 1971 izmsc'z-

197 1971 289 2024 gaht
310 1972 369 2011 vel
388 1969 607 2024 imtfhgahts,
631 1970 775 2011 sermo:
813 1984 1022 2023 vocemque
1051 1970 1220 2010 referunt
1243 1970 1289 2010 ad
1320 1970 1460 2022 inu-fitht
1483 1972 1541 2010 vel
1562 1969 1734 2022 innfizhts,
1763 1967 1945 2020 διήγησις,
1972 1973 2155 2020 narratio,
2183 1973 2295 2013 cuius

201 2023 369 2064 radicem
387 2023 524 2072 Junius
540 2023 611 2063 effe
630 2023 756 2064 censet
775 2023 932 2076 Anglos
941 2024 1074 2077 sing-an
1093 2026 1150 2062 vel
1166 2023 1324 2076 saecgan,
1351 2038 1383 2062 ν,
1408 2023 1525 2062 (iloss‘.
1547 2021 1652 2063 Goth
1688 2038 1724 2076 p.
1747 2036 1831 2063 211.
1861 2024 1908 2064 ad
1925 2025 2092 2065 eundem
2116 2025 2296 2074 modum,

208 2089 288 2128 quo
312 2075 486 2116 nostrum
499 2074 610 2129 fizga,
627 2075 740 2130 stign,
766 2079 940 2125 narratio,
960 2078 1101 2124 relatio,
1129 2075 1291 2123 historia,
1319 2078 1411 2116 item
1430 2075 1555 2115 fabula
1598 2075 1688 2125 (cfr.
1712 2079 1806 2116 Not.
1834 2077 1961 2117 Verelii
1977 2078 2024 2117 ad
2043 2077 2182 2119 Goth1·.
2202 2079 2295 2129 Sag.

202 2141 241 2179 p.
261 2130 330 2176 3.)
358 2138 488 2166 ortum
509 2128 616 2166 ducit
635 2129 774 2181 afiiga,
802 2130 942 2176 dicere,
971 2143 1133 2170 narrare.
1204 2132 1290 2180 Ego
1314 2129 1421 2168 faci'le
1446 2129 1544 2167 mihi
1568 2128 1789 2179 persuadeo,
1814 2129 1942 2181 legisse
1953 2129 2149 2182 Ulphilam
2174 2129 2294 2168 διετει-

202 2173 332 2229 ςοῖχθη
355 2179 411 2214 ἐπὶ
438 2178 480 2229 τῇ
505 2177 649 2230 ἐυλογίᾳ
666 2179 778 2218 ivri:
816 2180 980 2231 ideoque
1006 2181 1249 2219 transtulisse:
1288 2180 1541 2232 gathlahsnoda
1564 2181 1598 2218 bi
1623 2181 1827 2233 innagahtai
1851 2185 1899 2230 is,
1927 2183 2076 2222 turbata
2103 2181 2155 2222 est
2178 2183 2292 2222 bene-

203 2231 370 2270 diffione
388 2231 485 2270 eius.
543 2229 612 2272 cfr.
632 2231 751 2271 codex
768 2231 987 2283 Cantabrig.
1010 2232 1077 2283 qui
1099 2232 1195 2268 liezae
1211 2230 1300 2271 fuit.
1354 2234 1402 2270 Et
1420 2231 1518 2270 hanc
1540 2233 1763 2282 opinionem
1784 2232 2009 2272 confirmare
2031 2234 2212 2273 videntur
2225 2247 2292 2273 an·

201 2284 435 2323 tecedentia:
463 2284 672 2330 ἐυλογημένη
688 2281 733 2320 οδ
749 2285 778 2320 ἐν
804 2284 978 2330 γυνοιίξίν,
1008 2282 1178 2322 thimhido
1203 2283 1267 2321 thu
1292 2284 1330 2321 in
1352 2286 1515 2335 quinom,¹
1539 2285 1725 2336 praecipue
1751 2297 1838 2324 vero
1862 2282 2073 2336 sequentia:
2100 2277 2158 2323 ’ἔτι
2182 2279 2291 2329 ἵυτυς

202 2331 385 2380 {naimo-s»
413 2331 542 2383 αὐτὴ,
569 2336 678 2375 thatei
687 2335 769 2388 swa
796 2335 969 2374 thiathida
994 2338 1077 2375 izai.

149 2388 197 2441 n)
218 2388 283 2428 Est
300 2386 528 2428 Gothismus
554 2403 591 2431 v.
614 2388 736 2428 Thom.
754 2387 966 2440 Marqfchal.
1003 2387 1194 2428 Observat.
1212 2401 1246 2440 p.
1267 2399 1356 2436 444.
1381 2388 1492 2428 Refer
1515 2388 1563 2428 ad
1584 2387 1773 2441 tlzagkjan,
1817 2390 2002 2442 cogitare,
2035 2404 2104 2444 pro
2129 2402 2208 2444 quo
2235 2392 2291 2433 St.

203 2442 334 2480 minus
356 2452 526 2481 accurate
548 2440 760 2494 thaggkjan,
787 2439 906 2482 Gloff.
926 2440 1043 2494 Ulph.
1062 2439 1176 2480 Goth,
1202 2443 1236 2479 ὅ(
1251 2438 1368 2479 Lamh.
1394 2441 1521 2479 Katen.
1547 2440 1736 2493 thanly'an,
1771 2442 1838 2484 lib.
1861 2445 1921 2482 cit.
1947 2458 1972 2496 p
2005 2456 2067 2492 25.

151 2492 193 2546 ο)
217 2494 278 2533 Sic
295 2506 449 2544 quoque
466 2493 587 2533 codex
608 2493 707 2533 Mser
746 2494 968 2546 Cantabrig.
1000 2508 1033 2532 v.
1062 2496 1167 2535 Nov.
1202 2492 1363 2533 Testam
1393 2506 1440 2532 ex
1463 2494 1552 2534 edit.
1581 2492 1733 2532 Gerard.
1762 2508 1783 2534 a
1808 2495 2008 2546 Mastricln,
2046 2510 2087 2547 p.
2112 2508 2169 2539 m.
2201 2498 2292 2538 1212

202 2546 329 2585 Huius
346 2547 555 2587 immemor
571 2547 707 2586 fatetur
722 2545 992 2598 Marqlbhallus.
1019 2546 1083 2586 lib.
1104 2548 1166 2585 &1
1197 2547 1255 2585 cit.
1277 2545 1313 2585 Ie
1332 2546 1421 2584 alibi
1448 2560 1528 2586 non
1551 2546 1751 2593 invenisse,
1797 2548 1902 2599 quod
1930 2548 1977 2587 ad
2004 2561 2157 2588 comma
2189 2549 2288 2587 clau-

205 2597 379 2637 dendum
397 2597 471 2639 h.1
501 2597 687 2639 subneffit
700 2600 882 2650 interpres
908 2596 1109 2639 Gothicus.
1164 2602 1203 2638 B.
1234 2598 1436 2652 suspicatur
1458 2599 1636 2651 quidem,
1684 2599 1756 2639 effe
1780 2603 1988 2640 variantem
2015 2601 2216 2641 leffionem
2243 2614 2294 2640 ex

201 2651 376 2701 margine
393 2650 434 2689 in
447 2661 598 2691 textum
614 2662 834 2691 manantem
850 2680 859 2698 ‚
885 2665 922 2690 v.
940 2654 1089 2704 Nuper.
1108 2651 1194 2691 edit.
1215 2666 1252 2704 p.
1275 2663 1360 2699 152.
1378 2651 1448 2690 nisi
1466 2652 1510 2691 fit
1535 2654 1676 2700 verius,
1707 2665 1798 2692 cum
1818 2654 1898 2692 Ma·
1910 2653 2044 2705 ςΙὲῘιαΙΙο
2080 2665 2292 2702 autumare,

203 2703 310 2755 quod
326 2703 431 2742 velut
445 2704 626 2743 intentius
642 2703 812 2756 respiciat
830 2703 1111 2745 conclusionem
1129 2702 1356 2743 salutationis
1373 2706 1564 2756 angelicae
1575 2735 1585 2753 ,
1617 2704 1723 2745 versu
1739 2707 1913 2758 proxime
1928 2707 2180 2758 praecedenti.

88 2784 91 2785 γ
143 2756 193 2809 p)
218 2758 259 2795 B.
278 2754 446 2795 observat
471 2758 507 2808 J.
528 2757 561 2794 ἅ
579 2758 631 2796 St.
650 2758 776 2809 inepte
795 2757 990 2796 admittere
1008 2757 1224 2808 hauhzstonsg
1249 2757 1463 2804 altiffimae3
1491 2771 1583 2797 nam
1603 2760 1638 2798 8<
1663 2759 1803 2810 regulis
1826 2759 1998 2798 declinat,
2026 2759 2199 2812 fitperlat.
2217 2773 2298 2800 em-

203 2808 307 2861 phat.
324 2806 433 2847 masc.
454 2821 541 2860 gen.
559 2807 716 2860 hauhista
731 2809 844 2849 habet
860 2811 976 2862 genit.
997 2809 1205 2861 hauhistins,
1248 2811 1282 2849 ὃ(
1302 2809 1352 2849 fic
1377 2809 1474 2849 infra
1507 2825 1543 2851 v.
1565 2823 1622 2858 35.
1646 2811 1706 2856 76.
1769 2814 1807 2851 A
1835 2810 1996 2865 simplici
2021 2812 2150 2861 hauhs,
2185 2815 2293 2861 altus,

203 2860 309 2900 unde
325 2859 499 2913 hauhjan,
527 2862 725 2908 extollere,
752 2863 921 2911 laudare,
945 2863 1108 2901 hauheins
1128 2863 1162 2901 ἃ
1179 2862 1370 2908 hauhaba,
1397 2864 1536 2914 gloria,
1565 2863 1744 2914 altitude,
1768 2862 1859 2917 Joh.
1881 2872 1917 2916 8,
1937 2875 2001 2916 54.
2027 2867 2124 2913 Luc.
2147 2877 2209 2918 14,
2229 2879 2291 2910 10.

201 2915 376 2967 Etymon
392 2914 494 2958 vocis
510 2927 549 2968 v.
570 2915 613 2957 in
628 2911 749 2959 Gloss.
768 2915 915 2962 Wacht.
933 2917 1088 2970 eiusque
1104 2915 1153 2957 ad
1170 2913 1354 2962 German.
1382 2916 1535 2968 praefat.
1564 2918 1596 2966 §.
1614 2919 1664 2957 V.
