2473 3380
148 135 212 191 48
749 116 1638 183 EVANGELIUM

157 254 232 293 ῃ,
262 254 342 285 ana
363 235 563 288 handum
581 240 629 301 z)
653 238 764 286 thuk
790 237 1020 287 ufhaband
1041 242 1078 285 ei
1101 240 1217 299 qhan
1300 257 1319 291 1
1334 257 1378 290 ι.
1413 245 1462 288 In
1482 243 1685 291 manibus
1709 261 1749 293 te
1772 249 1999 308 extollent,
2035 269 2087 297 ne
2111 250 2286 311 quando
2309 251 2374 302 adr

217 307 265 354 ni
294 302 610 372 gastangq‘ais·
645 304 691 355 bi
708 309 868 374 staina
887 305 942 370 a)
981 304 1080 353 fotu
1107 306 1216 352 thei·
1361 308 1553 371 lapidem
1585 308 1778 360 offendas
1812 316 1974 377 pedem
2013 332 2161 368 tuum.

221 390 346 422 nana.

157 454 235 503 13.
265 439 340 503 jah
365 437 619 487 ustiuhands
644 439 699 485 all
715 435 1012 502 fraffloan'O.
1035 435 1083 498 b)
1299 454 1374 500 13.
1408 424 1645 488 Et‘finiens
1674 461 1826 492 omnes
1857 449 2126 495 tentationes.

154 521 435 619 14Butrann
486 505 571 551 and
618 504 686 552 all
730 508 854 569 gawi
908 503 1120 570 bf'fitande
1160 505 1216 566 c)
1299 522 1373 570 14.
1410 509 1524 583 Eriit
1562 510 1609 554 in
1646 527 1826 559 omnem
1867 516 2096 574 regionem
2140 517 2363 565 circumia-

250 589 270 621 ι,
319 589 403 619 ma.
1056 593 1065 599 ·
1361 590 1569 619 cennum.

156 647 234 695 18.
270 638 434 699 merjan
455 632 846 697 fraliunthanaim
879 636 940 697 d)
974 634 1114 685 fralet.
1297 647 1370 694 18,
1408 640 1644 686 Praedicare
1672 643 1854 702 captivis
1897 642 2206 696 dimiffionem.

151 718 232 766 25.
267 700 410 748 wesun
437 702 482 747 in
509 703 679 767 dagam
709 700 754 765 e)
788 703 967 749 heleiins
997 705 1042 749 in
1070 707 1216 752 israe·
1294 721 1374 767 25.
1412 709 1546 752 Erant
1566 707 1612 751 in
1634 705 1786 753 diebus
1805 708 1911 754 Eliae
1935 711 1981 755 in
1999 709 2166 768 maele,
2188 713 2364 774 quando

214 770 280 885 Ιῖ.
297 765 352 829 O
385 766 490 899 {gan
516 767 765 830 galuknoda
792 767 957 817 himins
978 769 1039 817 du
1061 770 1212 834 seram
1355 769 1548 819 clausum
1580 770 1639 818 est
1668 772 1830 820 coelum
1857 774 1912 821 ad
1928 789 2014 823 tres
2041 794 2195 829 annos,

219 847 239 885 t
274 850 376 884 ram.

2269 923 2353 974 27.

202 1017 248 1066 z)
274 1016 309 1068 J
331 1015 366 1053 ὅ(
385 1014 438 1052 St.
455 1011 609 1059 handun,
628 1009 734 1064 quod
753 1012 1024 1063 expungimus,
1045 1022 1157 1062 atque
1177 1013 1258 1051 eius
1278 1012 1317 1050 in
1336 1013 1466 1051 locum
1486 1024 1575 1050 cum
1588 1011 1701 1053 Benz.
1724 1026 1771 1060 ex
1798 1013 1929 1052 codice
1944 1013 2176 1055 restituimus
2190 1014 2361 1056 handum·

205 1071 248 1121 a)
276 1066 415 1108 Codici
430 1064 555 1104 nostro
574 1066 714 1104 iterum
731 1063 939 1115 refragatur
958 1065 1066 1103 leffio
1085 1064 1182 1113 Jun.
1203 1067 1234 1103 ὅ(
1257 1065 1514 1102 Stiernlzielmii:
1536 1067 1572 1102 ni
1583 1064 1824 1117 gastqqujaisbi
1832 1065 1971 1115 staina,
2009 1080 2127 1119 quam
2155 1071 2240 1108 Rev.
2268 1067 2358 1105 Ben-

257 1119 363 1160 :telius
380 1119 519 1158 merito
540 1116 742 1169 suspicatur
760 1116 931 1157 vitiosam
948 1116 1019 1155 effe
1032 1145 1041 1163 ,
1069 1130 1229 1168 eamque
1248 1117 1297 1156 ob
1318 1117 1464 1156 causam
1486 1115 1632 1169 supplet
1653 1109 1800 1156 se'nfin'n
1821 1120 2002 1158 vertendo
2021 1134 2062 1158 ne
2088 1121 2223 1173 qnando
2249 1119 2296 1158 ad
2313 1118 2361 1158 la-

251 1172 373 1227 pidem
390 1170 562 1223 effendas,
598 1182 700 1211 ratus
727 1171 838 1222 culpa
866 1170 1084 1222 typothetae
1111 1170 1285 1209 excidisse
1313 1169 1627 1222 praepositionem
1652 1182 1689 1207 at
1717 1171 1774 1210 vel
1803 1170 1860 1209 du.
1935 1173 2047 1224 Legit
2081 1173 2202 1213 nihilo
2230 1174 2362 1212 minus

253 1222 521 1281 gastangq'afii
531 1223 674 1274 staina,
703 1224 739 1261 8<
756 1222 918 1261 affixum
936 1222 1030 1260 illud
1048 1227 1095 1268 ei,
1120 1223 1226 1273 quod
1245 1222 1541 1262 incommodum
1560 1223 1701 1269 censet,
1739 1225 1779 1262 in
1800 1234 1908 1262 textu
1931 1227 2082 1267 retinet.
2145 1241 2181 1266 v.
2208 1228 2364 1277 Nuper.

190 1295 192 1297 ’
258 1278 421 1319 edition.
440 1286 475 1326 p.
502 1287 586 1326 179.
643 1277 712 1314 Pro
726 1275 945 1328 gastagqjais
963 1274 1148 1313 habemus
1159 1273 1419 1327 gastagqujais,
1446 1288 1465 1313 a
1483 1274 1641 1326 {implici
1651 1275 1838 1326 stigqann,
1867 1289 1958 1315 cum
1985 1279 2133 1330 impetu
2163 1279 2272 1325 ferri,
2304 1290 2361 1317 or-

257 1331 348 1371 dine
366 1328 521 1368 militari
534 1328 757 1379 procedere,
797 1338 842 1366 ut
865 1329 958 1367 LUC.
980 1339 1041 1374 14,
1074 1339 1114 1373 31
1162 1326 1246 1378 qkas
1272 1325 1435 1364 zlzz'udans
1452 1325 1635 1380 gaggands
1654 1326 1824 1379 stigquan
1849 1329 1983 1366 withra
2009 1330 2227 1376 antharana,
2264 1343 2361 1381 quae

257 1384 397 1434 Junius
414 1382 696 1433 interpretatur:
723 1381 799 1431 quis
815 1393 881 1417 rcx
898 1379 1042 1417 militari
1060 1378 1176 1417 ordine
1184 1377 1374 1430 procedens
1399 1379 1562 1430 adversim
1586 1378 1710 1421 alium.
1740 1381 1798 1417 &c
1860 1393 1903 1420 v.
1918 1381 2070 1421 Glossar.
2098 1396 2134 1435 p.
2160 1393 2246 1427 317.
2271 1388 2360 1428 318.

256 1439 374 1477 Porro
393 1434 523 1473 confer
542 1431 770 1485 blstztgquun,
807 1431 935 1471 Matth
972 1442 1007 1478 7,
1036 1443 1095 1477 ες.
1118 1443 1181 1477 27.
1211 1432 1251 1470 in
1268 1432 1401 1482 lingua
1425 1442 1548 1470 vetere
1577 1431 1737 1469 Gothica
1754 1431 1899 1481 stinka,
1926 1433 2096 1484 stjmzka,
2126 1432 2257 1485 stucka
2280 1447 2360 1473 non

259 1502 343 1529 raro
360 1497 466 1527 notat
481 1499 558 1524 cum
574 1489 705 1536 impetu
720 1484 816 1532 ferri
840 1497 874 1523 v.
895 1486 967 1524 LL.
986 1483 1088 1525 Hels.
1111 1483 1243 1524 Manli.
1267 1486 1308 1523 B.
1329 1497 1362 1524 e.
1384 1486 1445 1522 ΙΙΙ.
1472 1485 1505 1533 §.
1529 1496 1564 1525 1.
1619 1486 1692 1522 LL.
1710 1484 1819 1535 Upi.
1841 1484 1930 1527 eod.
1947 1487 2025 1525 Tit.
2052 1499 2084 1527 c.
2109 1485 2361 1538 1V.stjunkaer

248 1540 383 1595 fidhaen
399 1537 553 1591 afstene
579 1536 796 1588 aellerstucki
814 1538 841 1578 i.
859 1550 892 1576 e.
913 1535 940 1575 fi
957 1536 1083 1588 postea
1099 1538 1370 1589 repercutiatur
1393 1550 1413 1575 a
1430 1536 1552 1589 lapide
1579 1537 1638 1575 vel
1657 1536 1776 1578 trabe.
1840 1536 1939 1578 Rolf.
1968 1539 2086 1581 Krak.
2113 1540 2202 1590 Sag.
2231 1551 2268 1590 p.
2299 1538 2363 1581 86.

251 1594 396 1647 stockur
413 1588 530 1643 hanso
537 1589 648 1642 fram
668 1603 690 1628 a
707 1587 912 1641 baerfhrkine
927 1590 952 1628 i.
969 1603 999 1628 e.
1020 1591 1130 1629 irruit
1146 1591 1197 1628 ita
1217 1591 1259 1628 in
1277 1591 1461 1641 pugilem,
1491 1589 1557 1628 cfr.
1578 1589 1643 1628 Ol.
1656 1591 1809 1641 Trygg.
1829 1591 1914 1641 Sag.
1937 1605 1962 1643 p
1990 1604 2042 1631 m.
2066 1603 2128 1639 25.
2146 1591 2281 1631 Heims
2290 1594 2358 1631 Kr.

261 1649 381 1688 Tom.
400 1656 434 1685 1.
451 1657 542 1696 pag.
566 1655 639 1694 139
707 1645 781 1683 LL.
810 1641 942 1684 Gothl.
966 1655 998 1680 c.
1016 1655 1077 1689 23.
1133 1644 1200 1689 Et,
1242 1646 1282 1687 ni
1306 1641 1432 1689 fallor,
1472 1641 1643 1681 eiusdem
1669 1640 1832 1680 familiae
1861 1657 1936 1681 vox
1961 1642 2031 1690 est,
2068 1657 2165 1695 quae
2195 1644 2360 1683 occurrit

262 1698 366 1752 apud
379 1696 532 1736 Notker.
551 1694 605 1734 Ps.
624 1695 687 1743 62,
711 1708 725 1734 1
737 1707 769 1735 1.
783 1695 888 1733 'dum
907 1695 1017 1734 verba
1034 1692 1210 1746 divitiaefi
1219 1693 1367 1744 offluaut
1388 1697 1499 1734 vertit
1525 1693 1587 1733 ube
1602 1693 1676 1746 jalz
1696 1693 1776 1732 aber
1793 1694 1969 1734 riktuoma
1987 1709 2053 1734 zuo
2071 1693 2360 1750 gcstungenesz'n.

266 1755 472 1797 Ceterum,
500 1751 528 1787 ei
545 1749 700 1795 reiecto,
738 1746 999 1788 substituimus
1025 1746 1075 1794 hi,
1105 1747 1419 1800 praepositionem
1438 1748 1486 1787 ad
1496 1747 1616 1798 staina
1638 1745 1888 1786 necessariam.

215 1807 253 1853 ὃ)
280 1807 341 1846 Sic
358 1807 386 1844 B
414 1803 524 1849 recte,
578 1803 614 1854 J.
640 1803 674 1840 ὃ(
703 1802 758 1841 Ξῖ.
774 1800 989 1852 finistibrjo.
1043 1802 1242 1840 Neutrum
1268 1802 1458 1852 improbat
1477 1800 1646 1854 Ulphilas
1666 1800 1730 1838 cfr.
1752 1800 1890 1839 Matth.
1908 1799 1944 1846 6,
1962 1812 2024 1845 13.
2080 1802 2128 1839 Et
2146 1800 2259 1839 huius
2278 1812 2358 1851 per-

237 1853 244 1859 ’
264 1857 508 1903 mutationis,
537 1868 632 1906 quae
653 1854 701 1893 ob
719 1853 942 1893 affinitatem
960 1855 1147 1893 vocalium
1170 1855 1379 1893 naturalem
1407 1854 1523 1893 facilis
1542 1852 1594 1892 est
1608 1882 1617 1900 ,
1651 1852 1785 1891 adsunt
1812 1853 1923 1892 nobis
1948 1853 2121 1904 exempla
2144 1853 2243 1892 inter
2269 1853 2357 1891 alia:

266 1910 414 1952 widuwo
434 1911 469 1948 <Sc
489 1908 654 1956 widowo,
690 1910 779 1946 Luc.
810 1915 847 1955 7,
871 1918 934 1948 12.
967 1914 1027 1953 18,
1054 1918 1085 1952 3.
1111 1906 1262 1957 uslzofbn
1293 1908 1328 1945 8<
1355 1907 1528 1961 ushofun,
1569 1908 1651 1945 Luc
1690 1917 1750 1955 17,
1783 1918 1839 1952 13.
1873 1904 1965 1957 Joln
1989 1916 2048 1952 11,
2078 1917 2141 1953 4¹.
2169 1903 2298 1956 afdobn
2323 1906 2359 1943 8<

267 1961 458 2017 afdumbn,
485 1964 578 2001 Luc.
597 1972 634 2008 4,
662 1971 720 2007 35.
737 1961 859 2001 Marc.
880 1972 914 2006 4,
941 1970 999 2010 39.
1032 1958 1201 2005 ohtedun,
1229 1958 1401 2007 uhtedmz,
1427 1959 1517 2012 Joh.
1540 1959 1577 2005 6,
1597 1970 1655 2010 19.
1674 1960 1794 1998 Marc.
1821 1970 1878 2005 11,
1903 1970 1963 2003 32.
1985 1959 2080 2009 quin
2105 1959 2221 1997 etiam
2236 1957 2278 1995 in
2296 1957 2359 1997 fle-

265 2015 446 2056 xionibus
460 2013 556 2065 fin,
575 2012 729 2065 simius,
762 2014 883 2050 Marc.
912 2023 948 2062 9,
975 2023 1037 2058 44.
1063 2010 1191 2050 Matth
1232 2021 1266 2058 ς,
1297 2026 1357 2051 22.
1393 2011 1588 2058 lauhmoni,
1624 2010 1849 2061 lauhmunja,
1892 2013 1982 2049 Luc.
2015 2023 2070 2058 ιο,
2110 2019 2170 2053 18.
2205 2021 2267 2057 17,
2295 2021 2360 2055 24.

263 2071 436 2116 Vocem,
461 2075 610 2104 mutata
626 2065 913 2110 terminatione,
939 2062 1156 2102 conservant
1173 2062 1298 2102 adhuc
1311 2063 1510 2110 nostrates,
1534 2062 1674 2114 quibus
1689 2065 1831 2100 tentatio
1860 2063 1997 2102 dicitur
2008 2061 2189 2115 firsteIfi,
2223 2061 2362 2101 Island.

201 2144 203 2146 ·
256 2121 398 2174 freisn‚
424 2115 573 2164 freisne,
600 2115 831 2169 &fietsting,
861 2116 980 2156 idem.
1036 2117 1183 2168 Hisque
1200 2116 1384 2156 accedunt
1401 2120 1530 2155 Franc.
1544 2115 1703 2167 freison,
1731 2116 1944 2166 periculum
1959 2130 1994 2155 v.
2017 2115 2160 2154 Wacht.
2189 2113 2299 2153 Gloss
2321 2115 2361 2152 in

275 2188 308 2213 v,
319 2171 498 2225 fteislich,
514 2170 687 2222 fi·aiJaiz‚
712 2177 874 2215 tentare,
899 2168 988 2221 Jol).
1010 2169 1046 2212 6.
1065 2169 1100 2206 6.
1137 2169 1265 2207 Sueth.
1282 2169 1425 2219 fresta,
1462 2167 1620 2220 Anglos.
1633 2167 1821 2220 fiwsigan,
1862 2168 1982 2207 idem.
2047 2167 2196 2207 Cunssa
2220 2167 2361 2206 derivat

268 2229 454 2266 Somnerzts
474 2220 658 2275 afiwffin,
687 2235 836 2268 vorare,
860 2234 895 2260 v.
918 2221 1034 2259 Sclzilt,
1055 2220 1165 2260 Gloss
1194 2223 1308 2260 Teut.
1329 2235 1367 2274 p.
1391 2233 1476 2268 313,

219 2281 254 2333 c)
278 2281 367 2319 Rev.
381 2275 559 2314 Benzelius
576 2284 684 2327 putat
701 2273 870 2313 vitiosam
888 2273 958 2313 effe
978 2272 1299 2313 construetionem
1311 2302 1321 2320 ,
1352 2273 1516 2325 ideoque
1534 2270 1743 2324 legendum
1759 2269 1900 2322 allgawi
1915 2268 2098 2322 bis'aando,
2130 2270 2189 2310 vel
2204 2269 2364 2323 allgawie

271 2327 450 2382 bisitande,
479 2328 691 2367 abbreviate
707 2340 776 2379 pro
794 2325 1024 2377 bifitandane5
1049 2325 1216 2365 observat
1235 2339 1322 2365 vero
1339 2325 1450 2367 Edw.
1477 2328 1570 2374 Lye,
1608 2323 1714 2375 quod
1730 2324 1844 2361 etiam
1871 2323 1981 2363 nobis
2013 2322 2135 2363 visum
2159 2321 2231 2369 est,
2267 2325 2363 2362 inte-

272 2395 390 2435 grum
409 2380 488 2420 fore
513 2392 680 2425 nexum,
707 2379 734 2418 fi
753 2380 914 2418 verbum
937 2378 1052 2418 verbo
1071 2378 1297 2424 reddideris,
1324 2391 1457 2415 omnem
1472 2379 1643 2428 regionem
1667 2378 1995 2413 circumiacentium.-
2027 2389 2096 2426 pro
2115 2376 2229 2428 gazvie
2251 2387 2363 2427 porro

271 2437 368 2476 foret
385 2434 511 2486 gmje,
544 2433 704 2485 genitiv.
737 2432 836 2484 plur.
864 2430 912 2468 τέ
932 2433 1033 2483 gawi
1097 2444 1127 2468 v.
1160 2430 1248 2469 edit.
1278 2429 1387 2470 Benz.
1417 2443 1455 2482 p.
1478 2437 1567 2472 180.
1620 2429 1682 2469 De
1704 2426 1773 2467 hae
1804 2440 1895 2467 voce
1921 2427 1989 2470 cfr.
2016 2428 2156 2467 Sclzerz.
2184 2426 2232 2466 ad
2260 2427 2362 2480 Offr.
2393 2428 2395 2430 ’

272 2492 417 2538 Evang.
437 2490 480 2529 L.
499 2488 561 2525 111.
584 2498 615 2523 c.
635 2485 738 2524 XIV.
766 2496 804 2524 v.
825 2490 911 2531 148.
939 2484 969 2521 it
1001 2482 1143 2520 Wachz.
1159 2483 1200 2521 in
1226 2495 1262 2523 v.
1277 2495 1364 2536 gau.

222 2541 273 2593 al)
299 2544 334 2594 J.
355 2543 389 2579 ὅ(
408 2536 778 2591 St0fi⁶ahunthanais,
806 2535 911 2587 quod
929 2534 1054 2575 codici
1073 2533 1184 2574 Mser.
1204 2536 1239 2574 ὃ(
1258 2533 1398 2586 regulis
1416 2543 1620 2585 grammat.
1641 2533 1900 2573 contrariatur.
1960 2532 2132 2583 Etymon
2150 2532 2270 2579 vocis,
2304 2533 2362 2572 iu·

273 2594 358 2635 dice
379 2592 436 2630 W
433 2592 591 2638 achtero,
612 2587 663 2628 est
680 2587 831 2635 henden,
858 2601 1007 2640 capere,
1035 2588 1098 2627 cui
1120 2587 1360 2627 consentiunt
1383 2587 1443 2625 lat.
1464 2585 1590 2633 hendo,
1608 2585 1797 2638 prehendo,
1827 2583 2075 2636 nostrumque
2092 2584 2218 2631 handu,
2235 2585 2362 2632 Imma,

275 2645 378 2700 apud
395 2644 535 2684 Loccen.
555 2642 684 2682 inlex.
704 2643 788 2694 Jur.
804 2643 903 2680 Sueo
923 2640 1036 2680 Goth.
1096 2641 1208 2680 Unde
1224 2639 1425 2679 Germanis
1450 2638 1566 2686 hund,
1603 2641 1791 2691 captivUS,
1827 2652 1861 2677 v.
1891 2638 1993 2676 citati
2021 2637 2178 2676 auctoris
2205 2635 2363 2679 Glossar.

277 2704 405 2740 Germ.
423 2711 460 2751 p.
481 2706 573 2743 704.
594 2694 715 2746 anglis
731 2705 766 2731 to
782 2693 889 2739 hunt,
915 2694 1042 2734 venari
1061 2694 1096 2732 ὃ(
1115 2704 1258 2746 captare
1275 2692 1388 2738 feras,
1424 2693 1459 2731 8<
1483 2691 1586 2744 apud
1614 2691 1800 2731 Wlleram
1826 2688 2060 2737 verlmudeta,
2093 2689 2255 2740 captiva,
2295 2689 2363 2731 cfr.

277 2751 416 2793 Hickes.
434 2752 475 2791 in
489 2746 669 2788 Thesaur.
697 2745 909 2798 grammat]
942 2749 1085 2786 Franco
1109 2747 1248 2787 Theot.
1269 2760 1311 2798 p.
1334 2753 1393 2787 18.

231 2806 265 2855 ι)
286 2805 348 2845 Sic
365 2804 486 2844 codex
505 2802 539 2841 8<
558 2803 600 2842 Β.
619 2813 654 2840 ν.
672 2800 768 2842 Luc,
796 2811 830 2846 1,
853 2810 889 2846 ς.
945 2801 984 2851 J,
1005 2801 1040 2838 &
1056 2801 1108 2839 St.
1127 2801 1163 2837 in
1179 2799 1267 2851 daga
1290 2800 1330 2837 in
1349 2797 1430 2840 die.
1462 2796 1554 2836 ibid.
1577 2810 1611 2835 v.
1631 2807 1694 2847 59.

184 2884 188 2888 .
228 2859 277 2908 f)
303 2856 440 2905 Jnnius
462 2854 573 2894 habet
591 2855 626 2892 iu
641 2850 755 2904 ifi‘ael.
809 2853 851 2891 St
883 2852 919 2890 8<
936 2854 977 2890 B.
995 2851 1146 2893 vettius.
1185 2865 1221 2893 ν.
1239 2860 1404 2890 annotat.
1422 2849 1561 2888 nostras
1579 2849 1626 2888 ad
1649 2848 1786 2888 Matth.
1805 2858 1841 2899 9,
1865 2858 1926 2894 33.
1961 2886 1963 2889 ,

224 2908 399 2967 g)‘13diti
416 2906 582 2958 dujeran
603 2906 724 2955 thrin,
749 2904 1016 2954 incommode,
1043 2906 1143 2957 regit
1158 2905 1298 2958 quippe
1313 2903 1360 2943 du
1384 2901 1510 2944 casum
1528 2903 1703 2951 tertium,
1728 2902 1796 2954 qui
1812 2903 1853 2942 in
1878 2897 2010 2952 plural.
2038 2908 2201 2937 numero
2223 2895 2366 2949 semper

278 2962 355 3004 exit
372 2962 414 3002 in
442 2964 508 3012 ηιξ
