2473 3380
149 153 2357 219 oe——wfflssxssaeff

965 388 1548 463 PRAEFATlo.

235 570 305 602 am
327 553 401 600 diu
419 551 502 610 est,
538 551 660 611 quod
679 548 802 597 orbis
820 547 1015 595 eruditus
1035 545 1204 610 sperare
1224 544 1381 594 destitit
1394 583 1404 601 ‚
1438 541 1559 603 fore,
1594 559 1644 592 ut
1662 544 1866 593 versionis
1883 546 2039 594 veteris
2060 544 2274 602 Gothiae,
2307 542 2364 589 ab

275 617 472 684 Ulpliila
497 615 721 678 Episcopo
750 617 797 661 in
822 612 953 661 usum
979 614 1270 675 popularium
1296 608 1505 659 confeaae
1526 648 1537 668 ‚
1586 611 1752 671 aliquid
1777 617 2044 673 reperiretur
2062 648 2075 669 ,
2118 625 2274 673 praeter
2302 608 2363 665 id,

159 685 281 741 quod
313 685 503 730 continet
530 682 679 729 Codex
708 686 977 742 Argenteus,
1021 681 1066 725 in
1095 679 1365 726 Bibliotheca
1392 675 1633 739 Upsalienfi
1658 675 1869 724 servatus:
1913 677 2075 725 etiamsi
2105 691 2273 724 certum
2302 673 2364 730 fit,

157 747 470 796 recentioribus
496 746 650 795 seculis
667 783 681 806 ,
722 748 865 794 immo
891 743 992 810 post
1018 760 1186 793 renatas
1215 744 1377 792 litteras
1396 780 1408 803 ‚
1448 760 1590 791 unum
1619 758 1692 791 aut
1717 740 1833 792 forte
1860 743 2194 792 alterumillius
2223 754 2364 788 exem-

158 816 285 874 plum
318 810 590 875 superfuisse.
1964 857 1967 861 ,

296 884 417 928 Nam
438 896 486 927 ut
508 880 616 926 nihil
638 879 691 926 de
713 873 987 942 Walafrido
1019 877 1160 925 dicam
1177 913 1188 935 ,
1224 878 1301 936 qui
1328 878 1373 922 in
1401 875 1518 924 libro
1548 875 1601 923 de
1630 875 1778 935 Rebus
1807 875 2144 941 Ecclqfiasticis‚
2185 877 2296 934 Cap.
2316 885 2362 932 7,

161 961 498 1002 commemorat,
526 945 724 993 suo⁸aevo
741 945 883 993 adhuc
901 959 1188 991 monumenta
1207 941 1385 989 extitisse
1403 942 1535 995 huius
1555 941 1894 1004 metaphraseos3
1924 959 1973 987 ex
1993 940 2209 1006 Philippo
2228 939 2367 987 Mar-

161 1017 291 1062 nixt'o
309 1012 440 1059 tradit
463 1010 663 1075 Jacobus
692 1009 920 1074 Ufferiur,
953 1010 1260 1058 Armachanus
1280 1008 1415 1054 Archi
1437 1006 1695 1070 Episcopus,
1729 1012 1773 1055 in
1798 1006 1981 1071 epistola
1997 1008 2052 1054 ad
2071 1007 2153 1069 Fr.
2171 1003 2368 1071 Junium

163 1080 275 1136 data,
310 1078 352 1125 ἃ
381 1076 615 1126 Γιιδίυηᾶει
640 1076 873 1138 alphabeto
892 1078 986 1122 eius
1006 1077 1225 1133 Gothieo,
1261 1076 1306 1120 in
1328 1074 1596 1122 Bibliotheca
1614 1073 1809 1124 Comitis
1829 1075 2090 1123 Hermanm‘
2112 1070 2369 1120 Newenarii

170 1143 350 1190 extitiss'e
372 1145 566 1190 codicem
586 1144 848 1198 Gothicum,
881 1158 957 1189 aui
973 1147 1035 1189 eis
1051 1145 1357 1206 argenteisque
1374 1141 1545 1188 litteris
1565 1144 1611 1188 in
1632 1158 1814 1209 papyro
1834 1151 2099 1195 exaratum,
2134 1138 2178 1185 ἃ
2196 1138 2367 1184 univer·

165 1208 264 1257 sum
285 1224 453 1255 novum
474 1206 809 1254 Testamentum
835 1205 1217 1267 complefiientem.
1284 1203 1453 1252 Austor
1481 1205 1641 1267 libelli,
1676 1208 1729 1255 de
1756 1209 1928 1255 litteris
1958 1207 2007 1256 θ’
2034 1207 2192 1270 lingva
2222 1203 2364 1252 Geta·

165 1291 296 1332 rum,
326 1289 502 1320 curante
523 1275 695 1321 Bonav.
717 1272 968 1328 Vulcania,
1011 1271 1226 1332 Lugduni
1245 1274 1340 1318 Bat.
1363 1283 1502 1330 1597.
1537 1270 1751 1332 impreffi,
1788 1271 2088 1319 salutationem
2113 1269 2369 1330 angelicam,

164 1344 273 1391 Luc.
291 1357 338 1396 ⁷1,
361 1348 436 1395 28.
456 1340 499 1387 ὅ(
517 1354 598 1401 49.
619 1340 864 1387 orationem
887 1337 1179 1394 dominicam,
1214 1338 1445 1384 Canticum
1466 1338 1622 1383 Mariae
1645 1337 1687 1384 ὅτ
1713 1339 1944 1392 SimeoniS‚
1970 1336 2174 1383 Gothicis
2201 1336 2370 1391 litteris,

163 1406 287 1468 ligno
309 1405 468 1460 incifis,
503 1406 650 1451 edidit.
715 1409 756 1450 Is
776 1420 879 1450 vero
899 1405 1011 1460 alio,
1046 1420 1204 1463 quam,
1246 1405 1323 1462 qui
1342 1401 1629 1451 Werdinenfis
1656 1403 1767 1449 olim
1798 1402 1982 1450 caenobii
2012 1416 2123 1458 erat,
2157 1418 2270 1447 nunc
2290 1417 2368 1447 no-

168 1471 263 1519 strae
289 1470 564 1517 bibliothecae
588 1471 865 1531 praecipuum
885 1470 1108 1516 cimelium
1129 1467 1209 1525 est,
1244 1466 1347 1514 usus
1368 1464 1497 1514 fuisse
1516 1468 1691 1515 videtur
1709 1467 1911 1515 versionis
1931 1468 2131 1515 Gothicae
2148 1468 2369 1528 exemplo,

169 1537 218 1584 id
236 1537 359 1597 quod
378 1537 447 1583 vel
467 1536 567 1583 ideo
586 1551 792 1583 annotare
814 1537 957 1592 iuvat,
992 1535 1115 1595 quod
1143 1533 1265 1580 aliter
1293 1531 1454 1580 sensisse
1485 1535 1614 1580 video
1643 1550 1800 1595 praeter
1823 1535 2087 1581 admirandae
2108 1532 2370 1579 eruditionis

163 1604 336 1660 virum,
369 1601 507 1650 modo
533 1601 759 1650 laudatum
782 1598 1031 1664 Uffirium,
1064 1600 1277 1647 editorem
1305 1601 1423 1646 citati
1444 1599 1603 1657 libelli,
1637 1600 1680 1647 &
1705 1616 1819 1660 quos
1844 1601 1936 1648 vidi
1964 1599 2241 1646 eruditorum
2263 1614 2367 1645 om-

171 1686 262 1715 nes.
329 1670 411 1715 Sed
430 1670 626 1728 quicum
646 1669 740 1720 his,
776 1685 880 1727 quas
899 1668 1069 1729 publici
1099 1668 1205 1713 iuris
1234 1663 1339 1712 fecit
1367 1666 1646 1723 Vulcanius,
1683 1667 1907 1727 particulis
1943 1666 2140 1713 codicem
2166 1663 2369 1712 nostrum

173 1734 429 1790 contulerit,
465 1731 689 1780 manifesta
709 1734 1004 1794 deprehendet
1022 1731 1282 1779 discriminis
1305 1733 1579 1783 documenta.
1649 1735 1773 1778 Nam
1800 1748 1959 1795 praeter
1984 1747 2118 1792 quam
2152 1730 2272 1789 quod
2299 1730 2368 1778 lit·

172 1815 262 1847 tera
286 1800 358 1846 illa
379 1803 451 1857 H,
476 1816 611 1860 quam
631 1798 671 1845 se
691 1798 894 1845 invenisse
914 1800 1018 1845 dicit
1037 1802 1179 1847 Marc.
1206 1814 1280 1858 14,
1304 1813 1378 1858 51.
1394 1800 1438 1843 in
1459 1814 1564 1844 voce
1577 1798 1811 1864 ngpun,
1844 1799 1889 1845 in
1911 1797 2057 1845 nostro
2083 1797 2257 1855 codice,
2287 1797 2367 1845 ubi

172 1862 403 1914 manifeste
416 1869 590 1931 gripun
608 1880 739 1921 extat,
775 1865 1037 1926 reperiunda
1066 1881 1156 1911 non
1181 1862 1251 1920 fit,
1286 1865 1351 1910 uti
1379 1862 1493 1910 reae
1521 1865 1700 1910 monuit
1730 1862 2037 1911 eruditiffimus
2064 1861 2262 1928 Junius,
2293 1863 2367 1910 ad-

174 1929 272 1979 sunt
291 1933 419 1978 etiam
446 1932 525 1978 alia
543 1949 631 1979 non
660 1935 807 1978 minus
828 1930 1041 1978 evidentia
1069 1931 1202 1977 huius
1230 1931 1291 1976 rei
1322 1930 1496 1979 indicia.
1562 1930 1732 1977 Scilicet
1759 1930 1912 1983 video,
1946 1931 1991 1976 in
2020 1927 2208 1975 austeris
2230 1927 2367 1976 huius

179 1998 330 2045 codice
356 1998 517 2045 Matth.
540 2004 583 2055 6,
610 2012 682 2045 12.
712 1993 813 2046 thaz·
840 1997 1048 2044 lineolam
1073 1994 1456 2058 superimpositam
1483 1995 1663 2054 habere,
1707 1993 1891 2043 absentis
1921 1996 2072 2042 litterae
2096 2009 2141 2042 m
2161 1993 2366 2053 indicem,

175 2080 310 2124 quam
329 2078 472 2109 tamen
495 2080 644 2110 vocem
677 2064 806 2124 plene
824 2061 990 2123 pisiam
1015 2063 1134 2109 vides
1163 2064 1208 2108 in
1235 2062 1384 2108 codice
1411 2060 1578 2110 nostro.
1656 2059 1837 2125 Adsunt
1862 2064 1993 2110 etiarn
2023 2078 2112 2107 non
2137 2076 2285 2121 paucae
2305 2061 2367 2107 di·

176 2127 389 2175 verfitates
406 2130 512 2186 aliae,
546 2146 651 2189 quas
670 2146 745 2175 nec
766 2128 876 2175 casui
897 2146 974 2175 nec
997 2127 1229 2175 oscitantiae
1246 2127 1511 2174 amanuensis
1532 2127 1714 2185 tribuas,
1747 2130 1812 2174 uti
1833 2129 1939 2175 dum
1960 2131 2064 2173 Luc.
2082 2143 2118 2178 1,
2137 2142 2158 2185 5
2166 2140 2213 2174 0.
2235 2123 2371 2176 theim

172 2195 274 2241 loco
293 2193 435 2243 thuim
462 2196 699 2255 comparet,
733 2195 775 2242 <St
793 2211 836 2242 v.
859 2210 916 2255 53
951 2193 1160 2260 gasatida
1178 2211 1258 2254 per
1270 2223 1318 2254 Ξ,
1344 2211 1483 2253 quum
1507 2209 1652 2240 tamen
1677 2195 1971 2253 requireretur
1988 2191 2065 2239 ista
2082 2192 2237 2249 littera,
2269 2209 2366 2252 quae

173 2277 416 2321 graecorum
437 2262 467 2298 S
493 2260 738 2320 aequivalet,
770 2256 1026 2326 gafotln'da.
1097 2263 1181 2305 Hae
1200 2257 1358 2306 scilicet
1385 2258 1643 2307 diversitates
1671 2259 1774 2306 tales
1803 2257 1925 2316 sunt,
1956 2275 2005 2306 ut
2031 2275 2120 2305 non
2145 2257 2220 2304 nifi
2241 2256 2367 2304 semi·

173 2329 341 2389 perito,
373 2341 423 2373 ut
449 2327 507 2372 ita
534 2326 713 2385 loquar,
756 2326 1006 2385 exscriptori
1034 2325 1169 2371 tribui
1201 2324 1384 2385 poffint,
1430 2341 1569 2383 quum
1600 2326 1679 2383 qui
1711 2325 1870 2384 linguae
1897 2326 2072 2385 penitus
2100 2325 2275 2383 ignarus
2305 2322 2368 2383 fit,

176 2392 312 2451 qvalis
330 2394 482 2451 utique
502 2392 574 2437 ille
595 2388 702 2448 fuit,
739 2393 860 2437 cuius
879 2408 1015 2451 opera
1042 2389 1144 2435 usus
1172 2388 1230 2435 est
1247 2392 1592 2447 Bonaventura,
1634 2388 1775 2449 presse
1800 2384 2015 2438 xganvvbm
2041 2387 2215 2448 vestigia
2232 2386 2366 2449 sequi,

170 2456 385 2505 necelium
413 2457 566 2503 habeat
592 2457 647 2516 *).
693 2453 817 2502 'Hoc
844 2458 990 2516 itaque
1017 2454 1286 2516 exemplum,
1330 2454 1406 2500 nifi
1431 2452 1544 2500 forte
1573 2452 1691 2500 idem
1716 2451 1805 2500 fuit
1827 2489 1839 2509 ,
1881 2453 2002 2512 quod
2030 2456 2073 2500 in
2103 2453 2367 2503 bibliotheca

172 2524 512 2574 Nezvenariana
537 2523 638 2569 alias
659 2520 965 2579 asservabatur,
990 2522 1166 2567 tertium
1186 2517 1295 2577 fuit,
1324 2522 1449 2566 cuius
1474 2520 1529 2566 ad
1556 2537 1637 2567 nos
1664 2521 1819 2567 notitia
1845 2522 2109 2582 pervenerit.
2178 2524 2283 2583 Quo
2304 2524 2366 2568 in·

222 2725 264 2775 *)
291 2727 487 2778 Singulare
505 2725 574 2773 est,
602 2738 674 2764 nec
698 2723 1022 2776 praetereundum,
1050 2723 1091 2761 in
1118 2723 1299 2774 excerptis
1329 2721 1507 2769 Vulcanii,
1534 2723 1674 2764 Martii,
1696 2727 1732 2772 6,
1754 2736 1815 2771 13.
1870 2724 1997 2763 Mahts
2024 2725 2075 2764 ita
2097 2723 2227 2772 scribi,
2252 2735 2297 2764 ut
2322 2724 2363 2764 Iit.

274 2790 392 2816 unam
411 2780 556 2818 literam
574 2777 794 2823 constituat,
830 2777 1010 2826 idemque
1038 2774 1244 2827 scriptionis
1261 2775 1536 2826 compendium
1554 2777 1593 2815 iu
1612 2776 1755 2817 Codice
1775 2783 1973 2830 Argenteo
1996 2777 2069 2816 hoc
2092 2778 2197 2823 loco,
2225 2791 2360 2829 eoque,

279 2842 466 2880 quantum
487 2831 581 2878 scio,
604 2832 719 2869 unico
736 2831 897 2881 reperiri.
951 2830 1114 2875 Diceres,
1143 2839 1208 2866 aut
1228 2837 1435 2879 utrumque
1455 2830 1676 2881 exemplum
1694 2831 1740 2869 ab
1758 2831 1894 2869 eodem
1912 2830 2061 2868 librario
2076 2827 2184 2868 fuisse
2201 2830 2360 2880 pidum,

278 2892 343 2919 aut
362 2895 484 2920 unum
502 2883 548 2923 ab
578 2885 691 2922 altero
717 2882 942 2934 exscriptum
959 2892 988 2915 t¹
1020 2892 1086 2919 cru·
1109 2891 1237 2919 autem
1269 2879 1385 2919 nostri.
1412 2882 1550 2920 codicis
1576 2881 1729 2935 scriptor
1755 2884 1849 2922 illud
1875 2881 2059 2934 pingendi
2085 2883 2361 2934 compendium

276 2932 523 2993 usurpaverit,
551 2939 701 2975 evidens
720 2935 771 2974 est
820 2947 944 2986 quum
967 2932 1103 2974 scilicet
1125 2934 1261 2976 evitare
1285 2934 1416 2984 vellet,
1445 2947 1491 2976 ne
1508 2935 1660 2989 longior
1685 2935 1826 2988 syllaba
1850 2945 1954 2979 extra
1976 2935 2213 2988 marginem,
2240 2949 2359 2989 quem

278 2997 355 3026 iam
378 2987 548 3038 excessit,
573 2990 743 3030 nimium
767 2998 998 3041 evagaretur.
