2473 3380
159 147 253 202 ¹88
819 117 1383 176 DISSERTATIO
1416 116 1699 176 PRIMA,

925 229 962 281 f.
1037 245 1145 293 157.
1170 231 1316 296 KQV.
1381 231 1539 279 XXVI.

922 295 958 345 f.
1030 306 1142 358 165.
1221 302 1313 346 KZ.
1378 298 1559 347 XXVII.

921 361 958 414 f.
1035 373 1145 421 180.
1256 355 1310 417 12.
1377 364 1515 411 xxx,

919 427 956 480 f.
1027 442 1138 491 172.
1209 434 1304 481 LA.
1376 429 1532 478 XXXI.

227 516 282 566 In
313 505 552 572 Evangelio
586 497 752 554 Μανεί
918 494 956 550 f.
1055 503 1136 560 64.
1205 500 1294 547 LE.
1380 495 1558 543 XXXV.

923 561 960 612 f.
1057 579 1134 625 19.
1158 566 1298 627 LQV.
1373 559 1579 610 xxxvl.

915 626 953 679 f.
1062 636 1141 691 56.
1195 633 1300 679 [Η.
1377 627 1620 677 xxxvm.

918 694 958 747 f.
1057 712 1140 759 40.
1155 699 1308 746 LTH.
1376 695 1574 743 ΧΧΧῙΧ.

919 759 956 814 f.
1057 773 1140 826 48.
1227 763 1300 813 M.
1367 762 1540 811 ΧΧΧΧ,

300 843 455 907 Qum
475 853 525 886 ex
549 833 711 884 ultimo
730 829 890 883 M'arcz‘
918 832 1057 893 capite
1092 848 1182 878 non
1201 828 1278 878 nifi
1299 826 1476 891 pauculi
1494 820 1642 872 versus
1662 819 1972 886 desiderentur,
2005 840 2154 889 patere
2180 824 2385 886 arbitror,

167 910 291 973 quod
311 909 423 965 dixi,
454 903 735 966 quadraginta
754 897 1116 961 quaternionibus
1145 894 1374 945 constitisse
1403 894 1625 948 codicem,
1654 891 1762 939 dum
1792 895 1958 955 integer
1985 909 2088 945 erat.
2157 896 2250 957 Qi
2269 894 2386 941 indi·

170 995 263 1025 cata
281 977 377 1023 heic
399 971 630 1021 soliacum
650 969 872 1015 notatione
892 966 1232 1025 quaternionum
1262 962 1525 1017 contulerit,
1559 958 1917 1007 animadverteret
1944 956 2070 1008 facile
2086 998 2096 1018 ,
2128 977 2263 1022 quam
2283 971 2388 1008 con-

172 1041 266 1093 fuse
286 1042 328 1089 ἃ
351 1039 476 1087 nullo
497 1037 649 1083 ordine
669 1034 818 1080 eadem
844 1032 979 1078 hodie
1009 1033 1054 1078 in
1083 1031 1234 1083 codice
1261 1043 1467 1091 argenteo
1498 1023 1728 1086 compaPta
1758 1042 1919 1074 extent:
1963 1028 2086 1088 quod
2112 1029 2276 1084 miror,
2310 1026 2388 1074 ob.

174 1109 390 1157 servatum
408 1103 773 1159 emendatumque
794 1116 883 1145 non
905 1095 1032 1144 fuisse
1047 1134 1057 1154 ,
1090 1097 1168 1143 ubi
1183 1094 1298 1160 juss'u
1318 1091 1582 1141 illustriffimi
1601 1089 1879 1157 Delagardii
1905 1092 2133 1155 splendido
2159 1092 2238 1141 suo
2256 1092 2387 1140 indu«

175 1190 325 1224 mento
344 1184 547 1233 argenteo
567 1163 941 1213 circumdabatur:
976 1160 1217 1224 praesertim
1247 1176 1386 1222 quum
1416 1157 1671 1219 indigestam
1698 1158 1808 1205 hanc
1834 1162 2265 1222 compaginationem
2296 1177 2388 1208 non

174 1241 370 1306 potuerit
394 1253 484 1283 non
511 1232 852 1280 animadvertere
884 1225 1269 1293 Stiernbjelmiur,
1303 1239 1459 1288 utpote
1489 1237 1622 1285 quam
1650 1225 1697 1269 in
1724 1223 1904 1285 epistola
1931 1227 2115 1273 editioni
2134 1227 2389 1286 Ulphilanae

176 1302 392 1371 praemiffa
419 1302 509 1359 iam
540 1312 761 1346 notaverat
789 1296 870 1345 Fr.
896 1293 1096 1361 Junius,
1131 1296 1274 1341 immo
1308 1308 1404 1341 ante
1432 1307 1558 1346 eum,
1595 1291 1674 1350 qui
1702 1292 1904 1338 omnium
1932 1293 2107 1353 primus
2143 1293 2210 1343 Ul
2242 1290 2390 1342 hilam·

177 1374 339 1421 codicis
366 1368 636 1417 mentionem
664 1365 836 1420 iniecit,
869 1360 1107 1412 Arnoldus
1124 1362 1383 1416 Mercator,
1418 1357 1539 1420 apud
1556 1355 1737 1422 Janum
1759 1356 2038 1414 Gruterum,
2070 1361 2115 1405 in
2131 1310 2393 1426 irycliaiptio.

175 1455 284 1489 num
305 1453 436 1499 opere
457 1452 501 1496 p.
528 1439 637 1492 146.
706 1431 929 1485 Alterum,
965 1429 1087 1489 quod
1108 1430 1260 1475 mirari
1287 1424 1425 1483 subit,
1461 1423 1540 1481 est,
1574 1423 1628 1470 ab
1655 1424 1809 1479 ordine
1840 1423 2219 1486 evangelistarum,
2255 1442 2390 1487 quem

175 1501 399 1566 adoptass'e
436 1497 827 1547 demonstravimus
862 1496 1121 1543 Gothorum
1150 1493 1432 1557 episcopum,
1478 1491 1676 1539 recedere
1701 1489 1880 1539 voluisse
1908 1490 2177 1542 doffiffimos
2205 1493 2395 1543 editores

176 1588 356 1630 omnes,
389 1569 431 1618 ὅ(
451 1566 646 1630 ingratiis
670 1565 917 1629 interpretis
937 1564 1293 1610 communiorem
1319 1558 1457 1621 sequi.

1187 1669 1230 1737 ς.
1296 1672 1373 1719 vt.

316 1766 509 1828 Singulae
527 1765 695 1827 paginae
718 1765 763 1811 in
782 1761 983 1826 suprema
1001 1775 1122 1823 parte
1142 1758 1185 1807 8<
1210 1775 1307 1807 ante
1337 1771 1590 1807 contextum
1622 1773 1787 1806 nomen
1815 1757 2007 1807 cuiusvis
2037 1754 2301 1820 evangelista:
2317 1756 2393 1806 ha-

181 1835 307 1892 bent,
342 1836 400 1881 ita
435 1833 637 1893 quidem,
671 1846 719 1877 ut
748 1831 876 1877 altera
907 1827 1062 1877 tlzairlz
1100 1829 1132 1875 i.
1161 1843 1197 1875 e.
1217 1821 1336 1874 κατὰ
1362 1826 1496 1872 altera
1525 1840 1688 1870 nomen
1717 1823 1980 1885 evangelistae
2010 1821 2229 1885 praeferat.
2297 1823 2391 1876 Du-

184 1901 282 1949 bito
301 1915 467 1956 tamen,
501 1916 554 1944 an
573 1897 664 1942 haec
683 1892 863 1947 ἔπινςοιφῆ
882 1895 932 1942 ab
955 1895 1106 1943 eadem
1127 1909 1258 1938 manu
1277 1891 1548 1952 provenerit,
1582 1907 1664 1950 qua
1685 1888 1775 1951 ipse
1794 1905 1929 1936 textus
1958 1905 2150 1935 exaratus
2175 1888 2255 1947 est3
2291 1907 2392 1938 nam

185 1965 258 2015 etii
282 1965 494 2027 inelegans
515 1981 605 2010 non
624 1961 693 2020 sit,
727 1961 889 2006 diceres
915 1977 1082 2015 tamen,
1114 1959 1214 2004 heic
1235 1958 1394 2003 litteras
1414 1958 1459 2002 in
1481 1957 1675 2006 chartam
1693 1953 1930 2013 conieOtas,
1968 1956 2077 2001 dum
2096 1971 2252 2002 ceteras
2271 1973 2395 2003 accu-

185 2030 386 2081 ratiffima
412 2028 584 2093 pifiiura
614 2027 781 2086 ubique
808 2025 1100 2073 commendat.
1168 2024 1373 2083 Sequitur
1407 2022 1849 2082 deindetcontextus,
1900 2039 2034 2082 quem
2061 2036 2110 2068 ut
2138 2022 2394 2070 nitidiorem

187 2099 408 2147 exhiberet
425 2095 652 2154 librarius,
689 2109 844 2139 norma
879 2095 1079 2154 primum
1105 2107 1249 2137 aream
1270 2089 1525 2149 quadratam
1548 2086 1766 2150 descripsit
1790 2089 1966 2148 aequalis
1991 2087 2155 2148 ubique
2181 2086 2395 2150 magnitu-

200 2166 326 2222 ²²nis,
358 2181 441 2223 qua
462 2161 638 2223 scriptio
661 2174 750 2206 tota
768 2159 1085 2215 includeretur,
1121 2155 1275 2203 deinde
1299 2157 1343 2201 in
1362 2157 1516 2217 viginti
1535 2156 1716 2214 aequales
1739 2171 1909 2216 parteS,
1944 2152 2086 2201 duffis
2115 2152 2244 2216 supra
2263 2152 2396 2203 infra-

189 2232 276 2292 que
306 2231 454 2287 lineis,
490 2244 635 2274 aream
668 2226 777 2271 hanc
806 2223 992 2285 digessit,
1040 2221 1194 2271 relffico
1223 2224 1336 2269 inter
1363 2220 1549 2283 singulos
1585 2222 1827 2268 litterarum
1857 2221 2030 2267 ordines
2057 2221 2238 2267 modico
2268 2224 2395 2270 inter-

187 2298 329 2352 vallo,
363 2294 483 2355 quod
504 2295 548 2339 in
570 2293 805 2339 litteratura
824 2292 1016 2338 Gothica
1037 2291 1223 2338 omnino
1244 2286 1524 2336 necessarium
1546 2285 1653 2344 fuit,
1688 2304 1829 2347 quum
1849 2287 2067 2333 nonnullae
2087 2287 2258 2347 litterae,
2292 2305 2328 2336 e.
2349 2306 2395 2350 g.
2463 2295 2466 2298 ’

188 2380 234 2425 a,
256 2362 346 2421 i&
364 2360 414 2409 th
435 2357 591 2407 duEius
611 2356 710 2404 suos
742 2354 856 2403 infra
884 2373 1124 2404 ceterarum
1153 2352 1401 2401 mensuram
1427 2355 1665 2402 demittant.
1737 2352 2110 2399 Animadvertitur
2134 2369 2238 2400 vero
2267 2354 2396 2402 libra-

190 2431 283 2478 rius
304 2443 469 2475 normae
491 2425 557 2472 vel
578 2422 887 2480 instrumento,
918 2424 1043 2469 lineis
1067 2420 1334 2481 designandis
1364 2420 1591 2481 adaptato,
1625 2421 1685 2466 ita
1712 2417 1973 2475 incubuiffe‚
2011 2434 2059 2466 ut
2083 2436 2168 2466 una
2196 2412 2322 2467 duPta
2345 2422 2397 2468 li-

191 2513 271 2543 nea
294 2496 340 2540 in
368 2509 554 2553 utraque
582 2491 762 2553 pagina,
798 2504 954 2550 utpote
981 2490 1122 2544 tenui,
1155 2485 1375 2533 scribentis
1403 2502 1587 2532 manum
1617 2485 1803 2546 dirigere
1831 2484 1996 2547 possett
2030 2503 2121 2546 quo
2147 2484 2243 2532 fieri
2269 2487 2398 2534 simul

189 2563 384 2622 nequiit,
418 2562 526 2620 quin
544 2558 655 2603 linea
673 2557 796 2601 lineae
815 2555 857 2602 ὅ(
877 2554 1147 2602 intervallum
1170 2551 1392 2598 intervallo
1417 2551 1653 2611 utrobique
1680 2569 1728 2597 ex
1748 2550 1829 2598 asse
1857 2550 2154 2614 responderet.
2221 2556 2398 2615 Specio-

188 2626 284 2675 sum
302 2627 389 2673 hoc
412 2626 591 2686 quidem
611 2620 694 2682 est,
728 2621 770 2668 &
791 2619 979 2682 aspeCiui
1000 2634 1196 2681 gratum,
1225 2616 1295 2664 sed
1316 2618 1437 2678 quod
1455 2617 1583 2664 simul
1600 2615 1716 2675 fecit,
1744 2633 1792 2664 ut
1816 2636 1862 2664 ea
1879 2636 1981 2680 pars
2003 2617 2279 2676 membranae,
2300 2637 2397 2679 quae

190 2707 356 2740 textum
385 2693 600 2743 continet,
635 2690 841 2746 utrinque
870 2685 1027 2734 formis
1055 2686 1295 2731 litterarum
1326 2682 1545 2745 depressa,
1578 2684 1803 2730 accedente
1832 2687 1877 2730 in
1899 2686 2061 2749 primis
2089 2702 2137 2730 ex
2164 2684 2398 2747 hypothesi

193 2759 346 2805 caloris
364 2775 453 2804 non
469 2756 636 2816 ubique
658 2752 881 2801 observato
900 2752 1013 2816 justo
1034 2751 1195 2808 modo,
1230 2751 1410 2811 ancipiti
1441 2751 1602 2797 damno
1631 2751 1823 2798 obnoxia
1849 2751 2127 2807 redderetur,
2162 2752 2266 2796 dum
2295 2769 2397 2798 con-

195 2839 260 2871 tra
278 2822 497 2884 scripturae
519 2821 804 2868 interordinia
823 2816 997 2882 (encta
1025 2819 1166 2865 Graeci
1186 2815 1426 2878 appellant)
1447 2816 1609 2876 ubique
1628 2815 1735 2863 salva
1753 2815 1850 2863 sunt
1867 2816 1908 2864 ἃ
1928 2818 2106 2877 integra.
2164 2819 2219 2862 Et
2239 2816 2324 2864 hoc
2351 2820 2397 2866 in

198 2885 470 2956 causs'a'fuit,
506 2907 581 2937 cur
606 2885 714 2951 saepe
740 2886 965 2944 acciderit,
1001 2899 1049 2932 ut
1077 2882 1252 2948 pertusa
1276 2883 1530 2933 membrana
1556 2901 1648 2932 non
1673 2883 1811 2933 modo
1838 2885 1967 2931 unius
1992 2883 2218 2931 alteriusve
2246 2883 2399 2932 litterae

2286 2950 2398 3003 lacu-
