2473 3380
965 106 1432 164 LUcAEth
2243 134 2297 180 51

103 214 293 277 22.'qha
305 213 576 276 bithagkeith
587 216 633 265 in
644 212 844 266 hairtam
859 219 1113 270 izmaraim.
1127 222 1164 282 i)
1245 234 1323 270 22.
1357 221 1478 286 Qid
1507 224 1705 285 cogit-atis
1727 224 1774 270 in
1798 223 2004 272 cordibus
2021 226 2202 278 vestris?

100 288 184 342 23.
215 286 403 331 azetizo.
423 280 482 340 k)
517 282 659 339 Editi,
698 287 897 337 azeitizo.
1241 300 1318 347 23.
1357 289 1560 338 FaciliuS.

34 410 36 412 v
97 362 179 406 24.
214 349 280 394 ith
314 349 459 395 thanei
494 350 649 398 witeid
685 352 732 411 l)
781 351 913 399 thatei
948 350 1159 399 waldufni
1236 366 1315 415 24.
1347 358 1409 402 Ut
1437 370 1581 402 autem
1607 352 1771 413 sciatis,
1806 356 1929 419 quod
1955 358 2209 418 potestatem
2225 361 2299 410 ha-

160 411 333 464 habaid
355 417 419 475 m)
437 418 503 477 Ja
529 414 579 472 n)
611 414 778 479 sunuS„
1305 419 1402 467 beat
1429 420 1559 469 filius.

98 487 176 534 28.
210 480 490 527 usstandands
518 481 645 545 iddja
673 481 721 545 a)
749 479 841 531 afar
870 485 1024 534 imma.
1236 495 1318 542 28,
1355 485 1594 548 Exsurgens
1623 487 1713 535 ibat
1740 505 1856 550 pone
1885 488 2032 538 illum·

97 559 175 604 29.
214 547 362 596 that'ei.
392 549 446 611 p)
503 548 642 605 Editi,
678 551 823 596 thatei.
1036 568 1043 570 ·
1238 567 1319 610 29.
1355 554 1460 614 Qi.

97 626 177 675 33.
214 610 447 661 samaleiko
466 613 538 676 jah
554 613 806 678 fareisaiei.
834 618 882 681 q)
1240 613 1314 680 33,
1351 619 1560 664 Similiter
1588 635 1635 664 ae
1664 617 1886 670 Pharisaei.

96 692 177 738 34.
212 679 371 726 tharuh
398 684 437 728 is
467 682 603 740 quath
632 680 683 745 r)
712 683 772 728 du
805 684 886 731 im.
1238 697 1318 743 34.
1356 682 1421 729 At
1447 684 1517 728 ille
1545 684 1651 730 dixit
1680 687 1751 731 eis.

92 743 154 792 ib.
179 760 282 792 unte
293 743 336 794 sa
351 745 600 811 brutlzfads
617 746 663 812 s)
683 747 799 795 mith
819 749 880 793 im
903 749 969 814 ss.
990 746 1033 811 t)
1234 748 1297 796 ib.
1319 743 1545 811 Qamdiu
1571 746 1755 810 sponsus
1783 768 1882 798 cum
1913 752 1999 801 illis
2026 752 2098 805 est.

1268 815 1311 859 G
1349 829 1376 861 2
2218 831 2295 884 36,

114 883 2278 915 m

140 944 169 993 ἑ)
195 945 231 994 J.
250 943 284 980 ὃ(
305 944 358 983 St.
379 944 415 980 in
430 941 594 980 lzairtlzaa
613 943 863 987 izmaramma,
892 955 975 994 quae
998 941 1097 980 male
1118 940 1325 987 cohaerent3
1355 941 1512 980 meliora
1526 951 1666 985 autem,
1698 940 2031 992 quemadmodum
2054 944 2294 997 restituimus,

194 996 332 1034 docent
351 995 469 1033 codex
494 996 527 1032 ὃ(
549 996 589 1032 Β.
1270 1029 1273 1033 ,

139 1047 177 1099 k)
204 1049 279 1089 Sic,
307 1061 331 1085 v
360 1044 487 1085 Matth
519 1058 555 1095 9,
579 1057 616 1092 ς.
636 1043 756 1085 Marc.
778 1060 812 1093 2,
835 1057 871 1098 9.
891 1048 984 1086 Luc.
1011 1046 1070 1094 16,
1094 1057 1151 1092 17⁷
1208 1044 1405 1085 Habemus
1425 1046 1559 1092 etiam,
1589 1046 1762 1097 quamvis
1780 1045 1981 1096 rarissime,
2014 1051 2162 1098 azitizo,
2192 1053 2296 1093 idem

190 1099 312 1139 Marc.
338 1111 395 1146 ιο,
417 1111 482 1145 25.
535 1101 593 1138 De
612 1101 759 1151 origine
779 1101 900 1145 vocis,
930 1099 1024 1151 quid
1043 1100 1191 1146 dicam,
1227 1098 1372 1145 nescio,
1411 1098 1488 1150 legi
1513 1101 1667 1138 interim
1691 1110 1908 1150 merentur,
1951 1115 2037 1154 quae
2061 1103 2109 1143 ad
2134 1106 2294 1147 eandem

189 1152 392 1203 diligenter
408 1153 603 1191 annotavit
618 1151 755 1201 Jnnius
773 1153 813 1192 in
834 1151 989 1191 Glossar.
1012 1150 1118 1192 Goth
1158 1166 1194 1205 p.
1215 1164 1276 1197 77.

137 1206 174 1256 l)
201 1208 236 1259 J.
255 1209 289 1243 ά
308 1206 361 1244 St.
382 1204 535 1251 witeitlz,
562 1215 772 1258 utrumque
792 1207 833 1245 in
853 1204 944 1253 usn,
973 1216 1087 1258 prout
1107 1205 1276 1244 adduffis
1295 1204 1477 1256 exemplis
1497 1215 1606 1244 antea
1633 1205 1889 1257 probavimus.

134 1260 193 1308 m)
220 1258 341 1297 Iidem
361 1258 497 1309 legunt
515 1256 673 1304 lzabaitlz,
705 1260 814 1298 cuius
833 1258 965 1297 eadem
983 1257 1035 1297 est
1051 1260 1167 1305 ratio,
1199 1271 1283 1309 quae
1300 1257 1562 1309 praecedentis,
1591 1271 1627 1298 v.
1649 1257 1756 1310 supra
1773 1271 1851 1311 cap.
1877 1271 1908 1307 1,
1933 1271 1992 1307 32.
2015 1273 2094 1303 not.
2119 1278 2158 1316 q,

134 1313 176 1362 υ)
205 1313 240 1363 J.
261 1314 295 1349 ἅ
313 1313 364 1350 St.
382 1311 557 1349 reiiciunt
575 1312 797 1358 articulum,
827 1324 944 1362 quem
969 1312 1104 1350 rec'tius
1122 1313 1162 1349 Β.
1181 1310 1321 1349 assensu
1348 1311 1505 1355 codicis,
1531 1311 1680 1349 retinet.

135 1365 173 1414 ο)
201 1366 245 1402 111
261 1364 433 1414 margine
451 1364 591 1414 legitur
609 1362 759 1413 laistida,
788 1364 893 1414 quod
912 1376 1039 1402 unum
1055 1363 1237 1415 idemque
1256 1362 1359 1402 sonat
1378 1375 1417 1401 ac
1430 1361 1603 1417 gaggida,
1632 1363 1690 1402 vel
1704 1362 1817 1414 iddja,
1851 1366 1957 1416 quod
1977 1366 2028 1406 est
2045 1371 2289 1421 praeteriaun,

187 1418 230 1455 ni
250 1417 376 1462 fallor,
405 1416 609 1466 irregulare
629 1415 733 1453 verbi
746 1428 908 1468 gaggan,
937 1417 1001 1463 ire,

125 1471 175 1523 p)
201 1470 260 1508 Sic
279 1469 374 1506 reete
393 1468 513 1507 codex
580 1468 760 1507 Diximus
779 1481 900 1519 nuper
917 1469 958 1507 in
977 1469 1076 1507 notis
1094 1467 1142 1507 ad
1157 1481 1191 1506 v.
1223 1467 1335 1506 liuius
1353 1467 1480 1520 capitis
1508 1477 1566 1506 10.

133 1524 173 1575 q)
200 1523 240 1560 B.
261 1519 595 1572 habetfizmsaieis,
625 1522 659 1559 ὅς
685 1520 843 1572 quidem
866 1523 1030 1573 optime:
1061 1522 1172 1560 aliam
1191 1534 1300 1564 vero,
1336 1533 1378 1558 ae
1398 1532 1515 1571 quam
1533 1518 1777 1570 exhibemus,
1821 1521 2024 1564 leffionem
2050 1525 2181 1568 hocin
2203 1529 2289 1571 loco

186 1588 266 1614 non
289 1573 434 1627 praefert
452 1573 572 1612 codex
588 1581 824 1625 Argenteus,
853 1588 1014 1626 eamque
1034 1574 1140 1613 facile
1166 1573 1439 1618 emendamus,
1477 1573 1534 1611 vel
1554 1573 1728 1613 addendo
1747 1588 1781 1622 s,
1817 1586 1862 1614 ut
1889 1574 1980 1617 Rev.
2007 1578 2207 1629 Benzelias,
2255 1599 2291 1623 v.

181 1629 290 1667 Marc
314 1642 348 1673 2,
367 1634 424 1669 18.
439 1627 497 1665 vel
516 1625 720 1668 auferendo
737 1629 749 1664 i
769 1626 890 1675 finale,
909 1627 1137 1679 &legend0:
1164 1625 1427 1677 tlzaifareifizie,
1450 1624 1788 1679 subaudistpory'os,
1812 1642 1924 1680 graee.
1945 1632 1974 1666 δι
1997 1635 2059 1673 τῶν
2077 1632 2289 1683 <pavo-Am„

183 1694 304 1772 giqtlie
331 1678 561 1732 graeciffandi
587 1679 878 1729 consuetudine,
928 1681 1032 1721 nulla
1056 1681 1201 1721 auam-i
1233 1678 1359 1719 nostro
1389 1678 1439 1718 est
1470 1679 1701 1721 familiarior.
1749 1681 1815 1722 cfr,
1842 1680 1934 1722 Edv.
1975 1683 2050 1730 Lye
2084 1687 2126 1725 in
2153 1685 2289 1732 Gram.

185 1765 187 1768 .
226 1745 264 1772 ot
278 1747 292 1772 1
359 1763 364 1770 .
385 1734 499 1774 LXII,

128 1790 167 1838 r)
193 1787 295 1827 Editi
314 1746 456 1825 hpabent
472 1785 722 1841 tlzarftlgiaffics
739 1787 868 1840 quatlz,
898 1787 929 1827 8<
950 1787 1123 1828 Gothum
1141 1797 1279 1841 putant
1296 1785 1424 1840 legisse
1447 1799 1539 1826 cum
1558 1785 1656 1825 codd
1697 1785 1873 1826 Cantabr.
1904 1788 2068 1828 Colbert.
2099 1796 2137 1834 8.
2162 1794 2289 1835 Leice.

183 1839 312 1880 strens.
335 1839 403 1877 ἃς.
424 1840 441 1875 o‘
461 1837 496 1877 δὲ
516 1840 628 1880 Ino-ow,-
648 1840 733 1881 ἔιπε.
760 1841 836 1882 vid.
850 1841 927 1880 edit
957 1841 1115 1884 Millian.
1135 1856 1160 1893 p
1192 1854 1233 1879 m
1271 1848 1357 1887 138·
1377 1840 1489 1879 habet
1507 1854 1594 1878 vero
1613 1838 1736 1879 noster
1751 1842 1799 1887 is,
1837 1840 1916 1888 ille,
1951 1855 2022 1881 nec
2041 1844 2218 1885 lineolam
2234 1849 2290 1887 in-

181 1894 379 1937 venimus,
408 1905 490 1944 quae
509 1894 593 1941 voci
609 1893 851 1946 superinduci
869 1895 1042 1942 deberet,
1071 1896 1176 1935 iuxta
1197 1893 1471 1933 observationes
1488 1892 1628 1933 nostras
1660 1895 1702 1935 Ρ.
1726 1895 1786 1933 Pr.
1805 1895 1915 1933 Marc
1948 1906 1982 1943 1,
2003 1908 2065 1944 45.
2096 1896 2143 1946 fi,
2183 1902 2290 1952 quod

177 1947 314 1986 volunt
329 1945 508 1993 editores,
537 1946 751 1986 admitteret
771 1947 900 1987 codex.
2114 1960 2116 1962 ’

128 2000 163 2050 s)
190 2001 230 2039 B.
248 2000 289 2039 in
305 1999 405 2038 notis
425 1999 472 2038 ad
497 1999 602 2038 hunc
621 2001 752 2039 locum
778 2001 871 2052 legit
899 1999 1124 2052 anaqam,
1161 1998 1286 2052 quod,
1325 2012 1414 2038 cum
1442 1997 1654 2052 promiscue
1678 2009 1869 2051 ponantur
1892 2000 2006 2039 literae
2034 1999 2059 2038 d
2082 2002 2118 2042 ὅ(
2148 2003 2208 2051 tlz,
2244 2017 2289 2044 111

184 2051 315 2104 ssepius
339 2053 585 2099 monuimus,
613 2055 769 2105 perinde
789 2053 852 2093 est.
882 2067 915 2093 v.
934 2052 1074 2092 Matth.
1103 2063 1139 2104 9,
1168 2063 1227 2100 ις.
1283 2051 1346 2091 Est
1362 2054 1466 2092 enim
1484 2067 1504 2092 a
1520 2051 1646 2100 brath,
1673 2066 1811 2100 nurus,
1838 2053 1978 2096 Matth.
2004 2064 2062 2102 ιο,
2085 2067 2143 2103 35.
2172 2059 2288 2098 Unde

180 2106 295 2143 Gallis
313 2103 397 2149 bru,
425 2103 568 2142 femme
589 2105 643 2144 du
665 2105 721 2144 fils
733 2121 744 2151 3
771 2107 919 2157 proprie
938 2120 1027 2145 vero
1045 2107 1084 2144 in
1103 2103 1319 2157 compofitis
1337 2104 1502 2157 sponsam
1522 2105 1695 2153 denotat,
1731 2106 1914 2158 idemque
1930 2120 1973 2146 ac
1998 2109 2157 2160 Angloss
2187 2109 2287 2160 bvyd,

180 2158 285 2208 Belg.
318 2154 439 2202 bruid,
476 2157 596 2207 Angl.
626 2155 740 2204 bride,
766 2158 883 2196 Sueth
923 2160 957 2196 ὃ(
979 2158 1101 2196 leland
1133 2156 1241 2204 brad,
1271 2160 1399 2195 Frane.
1419 2161 1453 2196 ὅ(
1472 2158 1601 2198 ΑΙει-ιτιΔ
1629 2157 1712 2195 brut
1727 2159 1785 2197 vel
1798 2160 1957 2209 prrstha,
2000 2160 2137 2201 Tatian.
2160 2175 2220 2209 21,
2245 2164 2285 2204 6.

183 2209 336 2248 Notker.
357 2206 414 2248 Ps.
437 2219 497 2255 21,
518 2220 578 2245 21.
604 2208 738 2258 &fads
758 2211 816 2247 vel
824 2209 953 2260 fadis,
983 2209 1087 2261 quod
1105 2207 1292 2260 fignificat
1311 2219 1376 2247 aut
1396 2217 1446 2246 rei
1463 2212 1587 2255 totius,
1615 2208 1678 2247 seu
1705 2213 1829 2262 negotii
1847 2213 2134 2260 procurationem
2162 2213 2208 2257 ΕΞ
2228 2229 2284 2253 cu.

180 2275 279 2309 ram,
306 2270 372 2300 aut
390 2271 610 2308 ornatorum,
639 2260 907 2313 descenditque
935 2275 956 2300 a
982 2261 1099 2313 prisco
1129 2261 1297 2313 quodam
1323 2260 1459 2308 verbo,
1504 2260 1753 2312 respondente
1780 2262 1881 2312 Ang‘
1925 2264 2112 2303 saxonico
2126 2265 2285 2317 fidiam

176 2314 368 2360 ordinare,
398 2311 623 2364 dispensare,
652 2313 865 2366 disponere,
894 2310 964 2353 ceu
980 2327 1025 2353 ex
1044 2314 1159 2363 Janio
1180 2312 1348 2353 observat
1368 2311 1539 2363 Hic-kefins
1556 2316 1597 2353 in
1615 2316 1651 2353 T
1654 2312 1784 2353 hesaur
1816 2315 1949 2355 Gram.
1977 2318 2121 2357 Franco
2140 2318 2282 2366 Theot,

178 2381 213 2418 pc
232 2379 280 2418 99
312 2367 370 2405 vel
389 2367 503 2405 etiam
525 2379 672 2413 ornare,
701 2369 789 2418 quia
816 2367 988 2406 moribus
1004 2367 1171 2418 antiquis
1191 2366 1322 2405 dotem
1342 2368 1377 2404 ὃ(
1398 2377 1619 2406 ornamenta
1646 2367 1828 2418 nuptialia
1847 2381 1925 2406 non
1946 2366 2073 2420 sponsa
2098 2372 2199 2420 viro,
2237 2367 2284 2413 111

176 2421 311 2466 hodie,
340 2418 403 2458 sed
419 2419 476 2458 vir
495 2417 631 2470 spons-'22
650 2419 850 2468 offerebat,
876 2431 989 2463 prout
1006 2434 1053 2459 ex
1078 2421 1198 2458 Tacito
1214 2419 1324 2459 docet
1343 2419 1552 2457 Waclzzerm
1571 2421 1609 2458 in
1630 2419 1782 2459 Glossar.
1804 2421 1969 2460 German
2002 2436 2027 2474 p
2063 2435 2137 2463 202
2206 2428 2281 2467 Ae-

180 2473 280 2512 cedit
296 2483 425 2511 autem
441 2472 614 2523 opinioni
633 2472 863 2524 Hiekqfi'anae‚
893 2472 1227 2524 quemadmodum
1244 2472 1318 2524 ipse
1347 2482 1480 2511 monet
1499 2473 1581 2511 loco
1600 2473 1731 2519 citato,
1762 2474 1867 2524 quod
1893 2475 2089 2514 Orcadum
2108 2479 2276 2531 praepofi.

179 2537 258 2572 tus,
288 2538 370 2575 quae
384 2527 586 2563 Danorum
608 2526 703 2564 olim
719 2527 879 2578 imperio
895 2525 1063 2566 subiestae
1079 2536 1201 2572 erant,
1221 2525 1325 2576 saud
1338 2526 1396 2564 vel
1407 2523 1510 2576 fitad
1532 2526 1697 2573 dicatur,
1722 2527 1757 2565 ὃ(
1788 2527 1828 2565 in
1851 2526 1999 2578 legibus
2028 2528 2189 2571 barbaris
2217 2545 2279 2572 ur-

175 2579 286 2618 bium
303 2578 566 2628 &regionum
585 2578 767 2629 praesceti,
796 2579 876 2630 iqui
900 2593 920 2619 e
945 2578 1123 2627 ministris
1150 2579 1424 2630 imperatorum
1451 2579 1484 2616 &
1517 2580 1737 2631 principum
1769 2580 1860 2631 eligi
1892 2579 2078 2628 solebant,
2124 2583 2278 2635 thiufadi

175 2631 430 2684 appellentur,
459 2629 560 2681 quali
577 2629 766 2679 thiafadi,
793 2632 817 2670 i.
839 2645 869 2670 e.
888 2631 918 2666 δι
937 2623 1124 2680 ἶίςχοντες,
1160 2633 1218 2670 vel
1234 2632 1389 2678 rec'tius,
1423 2633 1556 2682 populi
1576 2632 1691 2671 duces
1709 2631 1755 2671 ab
1779 2633 1835 2670 Isl.
1854 2632 1969 2680 thiod,
2005 2647 2119 2686 gens,
2154 2650 2278 2690 popu,

176 2687 235 2723 lus
247 2713 256 2731 ,
272 2681 364 2734 fads
381 2682 422 2721 in
426 2681 541 2732 fadus
559 2682 675 2723 verso.
731 2683 843 2722 Adde
861 2697 909 2722 ex
927 2684 1176 2724 dissei-tatione
1192 2685 1273 2724 eius
1292 2683 1476 2737 epistolari
1488 2712 1497 2730 ‚
1533 2699 1573 2736 p·
1605 2697 1648 2732 15
1660 2697 1694 2732 3.
1730 2684 1835 2736 quod
1856 2685 2096 2737 magistratus
2122 2697 2200 2728 tam
2227 2693 2275 2731 ci-

180 2738 283 2784 vilis,
315 2747 431 2787 quam
451 2732 634 2775 castrensis
650 2735 752 2788 apud
771 2746 915 2775 exteros
937 2736 1251 2777 Vestro-Gothos
1278 2748 1430 2777 vocatus
1457 2735 1501 2775 fit
1524 2736 1766 2789 thyuphadu„
1803 2737 1904 2790 Hisp.
1932 2738 2170 2791 thiaplzaedus:
2204 2757 2275 2784 nee

174 2804 253 2831 non
272 2802 318 2828 ex
336 2787 508 2839 Ulphila‚
537 2789 599 2826 cui
617 2787 852 2841 hundafaths,
880 2792 1064 2839 centurio,
1084 2790 1219 2830 Mattlr
1244 2799 1277 2838 8,
1298 2802 1332 2837 ς.
1348 2787 1628 2841 τΙιτι-ΙΞιηιιᾘὴτΙις,
1658 2790 1857 2829 chiliarcha
1889 2790 1977 2843 Joh.
2000 2800 2061 2839 18,
2087 2802 2144 2833 12.
2163 2794 2273 2847 syna-

169 2841 361 2897 gogafhds,
389 2840 583 2893 praefestus
599 2842 814 2894 Synagogae
836 2843 951 2883 Mare.
973 2854 1007 2893 ς,
1031 2851 1074 2892 38
1108 2854 1154 2883 ut
1180 2842 1273 2883 adeo
1293 2841 1480 2894 brntlfitds
1507 2844 1544 2882 vi
1569 2844 1671 2883 vocis
1697 2854 1805 2882 notet
1818 2841 1957 2897 sponsae
1973 2843 2201 2898 praepofi'tam
2227 2848 2272 2891 55

170 2907 375 2934 cuaatorem.
2128 2924 2131 2925 ν

124 2949 159 2999 t)
189 2951 224 3001 J.
245 2949 279 2987 ὅ(
301 2949 354 2989 St,
371 2947 420 2995 is,
448 2960 505 2995 es,
535 2959 603 3000 pro
619 2943 681 2997 ist,
710 2945 780 2996 est,
807 2946 912 2999 quod
930 2950 972 2990 B.
992 2958 1155 3000 urgente
1172 2946 1279 2989 sensu
1304 2948 1339 2987 &
1359 2948 1508 2996 codice,
1544 2946 1772 2988 emendavit.
