2473 3380
403 108 749 168 ESBERGII
790 108 1139 164 ULPHILAS
1183 106 1597 162 GO'HJORUM
1623 109 2022 166 EPISCOPUS.
2258 132 2316 181 41

98 224 268 278 dofflss.
290 227 333 273 in
352 223 478 293 praef,
499 227 555 272 ad
576 223 843 272 Glossarium
871 224 1114 272 Gothicum
1136 239 1231 270 eam
1259 240 1347 269 non
1370 221 1539 269 dubitat
1561 226 1812 288 principem
1844 226 2046 292 linguam
2072 228 2320 294 appellare.

96 295 276 339 Gothos
297 310 385 339 non
406 293 549 338 latinis
570 293 731 350 modo,
766 290 835 337 sed
860 292 902 336 ὅτ
923 290 1130 351 plurimis
1149 290 1244 336 aliis
1265 289 1464 350 gentibus
1493 288 1643 349 lingua
1671 290 1714 335 ὃ(
1742 295 2097 351 pronuntiatione
2115 294 2239 341 fuiffe
2258 293 2318 342 fe·

98 359 286 416 liciores,
312 360 462 420 pulcre
484 356 675 419 disputat
695 355 851 404 dosius
882 373 1130 419 anonymus
1151 357 1196 401 in
1217 356 1582 402 commentariolo
1602 355 1655 400 de
1681 355 1826 417 lingua
1846 359 2053 407 Gothica.
2086 363 2138 420 ρ)
2208 364 2318 408 Non

95 425 227 471 video
258 426 391 484 igitur
410 441 487 471 cur
507 425 675 485 pudere
703 424 901 470 debuerit
919 421 1153 478 Ovidium,
1187 421 1307 481 quod
1334 423 1492 468 Getico
1520 419 1717 466 sermone
1744 423 1796 468 de
1829 422 2032 469 laudibus
2053 419 2236 486 Augusti
2267 430 2315 473 li-

90 491 264 537 bellum
285 488 526 555 scripserit3
560 486 614 553 lt)
650 491 692 537 ἃ
710 490 829 549 quod
851 490 1001 535 Getice
1021 489 1343 546 Sarmaticeque
1370 487 1638 547 loqueretur.
1674 487 1711 546 i)
1781 491 1906 534 Certe
1936 490 2052 535 idem
2072 489 2317 539 stoliditatis

93 557 337 602 convitium
359 559 402 602 in
424 559 635 602 eximium
654 571 804 603 caetera
825 569 967 601 vatem
987 568 1098 615 puto
1118 552 1201 599 sine
1220 554 1307 599 ulla
1330 555 1488 600 iniuria
1505 554 1751 614 retorqueri
1769 552 1915 616 poffe,
1949 557 2072 618 quod
2091 559 2316 607 immerito

92 623 141 667 in
160 622 292 670 Getas
312 621 470 670 iafikare
491 621 567 669 fibi
587 620 804 687 permisit,
838 622 947 666 dum
966 618 1197 668 scriberet:
1230 618 1279 679 k)

501 688 750 737 Barbarus
782 685 853 735 liic
887 701 964 751 ego
989 683 1100 749 stam
1133 688 1240 750 quia
1276 700 1362 732 non
1394 683 1628 752 intelligor
1660 685 1748 735 ulli
1757 702 1774 734 .-

575 755 646 804 Et
680 753 836 804 rident
852 754 1015 814 stolidi
1048 754 1185 799 verba
1218 753 1366 798 latina
1402 750 1553 801 Geta’.

93 822 207 868 Haec
227 821 379 883 lingua
397 837 479 883 per
497 817 636 868 multa
656 820 812 867 deinde
831 817 980 865 saecula
999 819 1044 863 in
1065 821 1206 863 Ponto
1226 817 1270 863 δι
1287 817 1381 862 aliis
1401 832 1524 863 terrae
1548 818 1747 879 partibus
1775 833 2028 882 perpetuata
2046 818 2123 869 est.
2190 822 2316 870 Vala-

92 883 238 933 sridus
258 889 438 936 Strabo:
473 887 516 951 l)
551 889 638 937 Ex
642 886 855 954 fidelium
862 883 1077 948 fratrum
1097 886 1315 932 relatione
1319 880 1374 947 st
1390 882 1608 945 didiciffe,
1642 887 1722 941 ait,
1756 886 1881 951 apud
1894 886 2113 952 quasdam
2133 885 2313 955 Scytha·

91 969 200 1000 rum
223 966 401 1020 gentes,
436 958 640 1004 maxime
675 953 956 1005 Tomitanos,
990 950 1141 999 eadem
1171 950 1384 998 locutione
1412 948 1648 1011 (Gothica)
1679 952 1835 999 divina
1858 949 2065 1000 hactenus
2091 954 2315 1004 celebrari

88 1021 256 1087 officia.
292 1020 335 1067 ἃ
352 1018 442 1085 Jos.
459 1020 668 1082 Scaliger:
701 1021 766 1080 m)
802 1017 971 1067 Gotlzor
989 1020 1233 1064 etiamnum
1254 1020 1300 1064 in
1318 1014 1472 1063 iisdem
1491 1014 1744 1082 regionibm
1761 1017 1918 1083 degere
1927 1016 2014 1081 fieb
2036 1019 2313 1086 Praecopenst

99 1087 381 1137 Tatarorum
398 1085 584 1153 dynasta
599 1123 609 1142 ‚
646 1087 696 1137 (θ’
712 1082 950 1151 utrumque
966 1086 1267 1146 testamentum
1285 1081 1446 1130 iisdem
1464 1084 1648 1138 litteris,
1669 1099 1782 1148 quas
1800 1088 2080 1150 excogitavit
2103 1088 2312 1154 W'ulfila,

88 1147 412 1217 confirifitum,
449 1155 499 1203 δ’
526 1153 680 1203 eadem
713 1154 895 1218 lingua,
930 1167 1017 1216 qua
1042 1150 1239 1216 tempore
1262 1148 1422 1199 Ovidii
1448 1149 1713 1207 utebantur,
1746 1154 2115 1215 interpretatum,
2148 1153 2310 1220 legere.

89 1219 369 1267 Eorumdem
394 1235 522 1267 voces
554 1238 642 1267 non
667 1236 826 1282 paucas
854 1219 982 1281 plane
1011 1217 1222 1264 Gothicas
1249 1217 1295 1262 in
1324 1213 1505 1276 epistola
1530 1213 1605 1262 fua
1634 1218 1697 1261 IV
1730 1217 1780 1276 n)
1815 1216 1989 1264 adducit
2011 1222 2121 1280 Aug.
2152 1220 2310 1267 Busbe·

90 1288 246 1346 quius;
277 1286 320 1332 ὅ(
339 1288 384 1332 in
402 1286 634 1333 Walachiae
651 1287 860 1349 plurimis
885 1286 994 1332 locis
1010 1284 1205 1347 linguam
1217 1282 1478 1331 Gothorum
1500 1299 1587 1330 una
1607 1298 1710 1331 cum
1729 1285 1865 1331 Runis
1881 1282 2148 1352 Ulplzilanis
2164 1284 2310 1350 super-

87 1351 195 1410 ess'e,
231 1350 448 1412 superiori
470 1356 612 1415 capite
641 1371 690 1400 ex
711 1370 844 1413 opere
869 1351 1082 1399 Atlantico
1104 1351 1356 1399 retulimus,

220 1419 304 1465 Sed
325 1419 600 1466 redeundum
621 1418 679 1466 est
699 1420 752 1466 ad
772 1418 1010 1465 versionem
1037 1413 1258 1482 Ulphiloe.
1329 1416 1466 1463 Haud
1494 1415 1626 1464 dubie
1646 1415 1719 1464 illa
1738 1414 1819 1476 est,
1853 1434 1989 1478 quam
2007 1420 2124 1482 apud
2145 1422 2307 1468 Tomi-

84 1497 215 1532 tanos
233 1486 362 1531 etiam
382 1482 461 1532 suo
481 1501 682 1547 tempore
703 1486 787 1547 legi
807 1481 979 1532 solitam
1005 1482 1191 1531 affirmat
1210 1481 1475 1531 Walafridus
1499 1483 1599 1529 loco
1618 1485 1774 1544 citat03
1812 1485 1851 1531 ὃ(
1872 1503 2005 1545 quam
2027 1487 2159 1533 hodie
2178 1487 2306 1534 habe-

85 1551 128 1599 ri
145 1551 262 1611 apud
283 1552 540 1607 Gothorum
558 1551 756 1614 posteros
778 1553 822 1596 in
845 1552 1036 1597 Taurica
1057 1548 1325 1596 Chersoneso
1339 1585 1351 1608 ‚
1385 1551 1474 1595 iam
1496 1566 1519 1594 e
1538 1550 1756 1610 Scaligero
1784 1549 2132 1609 observavimus3
2168 1571 2304 1613 quam

90 1618 283 1676 denique
302 1618 404 1677 plus
426 1635 559 1678 quam
581 1619 766 1665 dimidia
784 1633 905 1678 parte
926 1618 1129 1663 mutilam
1148 1618 1193 1662 in
1219 1617 1368 1663 codice
1389 1631 1590 1675 argenteo
1621 1616 1674 1661 de
1693 1617 1731 1661 la
1751 1617 1973 1664 Gardiano
1993 1616 2127 1666 servat
2146 1619 2306 1667 biblio-

82 1684 210 1730 theca
227 1680 509 1744 Upsalieniis.
575 1687 640 1731 Ita
659 1683 888 1731 nobiscum
908 1680 1080 1730 censent
1097 1683 1181 1728 viri
1197 1682 1326 1744 longe
1346 1679 1595 1731 doeliffimi.
1665 1680 1896 1730 Affeffores
1915 1685 2089 1745 collegii
2106 1687 2240 1745 antiq.
2263 1688 2308 1732 in

84 1745 211 1812 epist.
247 1766 333 1808 qua
363 1750 475 1796 hanc
507 1748 747 1797 versionem
773 1751 865 1810 regi
892 1746 1199 1810 gloriofiffimae
1228 1749 1454 1795 memoriae
1484 1747 1646 1794 Carolo
1674 1751 1746 1796 XI.
1779 1765 2110 1810 nuncuparunt:
2161 1752 2308 1817 Ulfila

84 1831 239 1879 nempe
255 1818 313 1879 est
339 1815 430 1875 (hic
448 1814 583 1877 liber)
612 1817 890 1883 illzfirzffimi
917 1817 1092 1863 comitis
1109 1815 1207 1863 Dn.
1235 1814 1497 1862 cancellarii
1519 1815 1666 1879 Regni
1685 1814 1996 1878 providentia,
2029 1820 2076 1864 in
2095 1824 2307 1883 patriam

85 1883 316 1937 redutius,
341 1885 530 1945 avitique
556 1881 732 1947 quidem
741 1884 837 1946 fita
863 1877 1013 1945 infida
1042 1878 1331 1937 venerabilis,
1368 1877 1452 1943 sed
1476 1880 1525 1930 Εἴ
1553 1884 1793 1929 recentiori
1814 1897 2034 1946 purpura
2061 1882 2307 1952 nobiliffimi

80 1949 183 1999 Dn.
213 1946 544 1997 Stiernltielmii
571 1963 705 1997 manu
742 1959 1013 1996 exornatus.
1079 1947 1202 1992 Hinc
1241 1946 1360 1992 idem
1391 1944 1582 1993 nobiliis.
1614 1947 1784 2007 Georg.
1811 1947 2160 1995 Stiernhielmius
2188 1948 2294 2012 glos

83 2016 273 2072 sarium,
308 2014 430 2075 quod
454 2030 504 2059 ex
534 2013 614 2060 hac
636 2013 828 2061 versione
857 2013 1111 2073 collegerat,
1149 2010 1611 2077 Ulpltila-Gothicum
1636 2009 1864 2073 inscripsit.
1936 2013 2138 2061 Thomas
2159 2018 2303 2064 Marc·

85 2081 270 2130 schallus
291 2081 336 2125 in
362 2076 533 2128 observ.
553 2079 605 2126 de
633 2079 825 2126 versione
846 2080 1060 2126 Gothica:
1095 2077 1139 2139 o)
1174 2073 1302 2140 Milu·
1324 2089 1441 2127 certe
1455 2076 1677 2143 stupenda
1694 2082 1904 2144 argentei
1927 2080 2090 2130 codicis
2114 2085 2303 2145 vetfflat

83 2157 405 2215 argumentum
423 2148 482 2211 est
498 2161 583 2194 non
604 2144 974 2202 contemnendum,
993 2141 1108 2193 hanc
1126 2145 1360 2209 versionem
1379 2159 1464 2193 non
1481 2141 1621 2192 aliam
1638 2140 1741 2206 ‘ff’
1773 2161 1910 2210 quam
1931 2144 2121 2214 epilbopi
2131 2150 2299 2199 Gotho·

78 2231 184 2265 rum
201 2214 329 2262 illam
357 2213 713 2281 antiquiffimam,
781 2211 935 2276 Jacob.
957 2208 1154 2257 Usserius
1172 2207 1527 2272 archiepiscopus
1547 2209 1845 2258 Armachanus
1871 2214 1917 2258 in
1946 2212 2128 2274 epistola
2154 2215 2209 2262 ad
2231 2218 2300 2266 Cl.

80 2282 294 2346 Juniumt
331 2281 463 2347 Istam
481 2282 584 2327 novi
601 2281 845 2346 testamenti
861 2277 1094 2340 veifionem
1111 2288 1305 2342 apparet
1323 2292 1383 2324 ex
1400 2277 1533 2341 im‘ius
1557 2276 1764 2344 Wuffiloe
1780 2282 2006 2343 primaeva
2023 2284 2300 2332 traduflione

79 2345 366 2412 deleriptam.
436 2343 596 2392 Illustr.
627 2344 914 2390 Oernhielm:
942 2341 1002 2408 p)
1034 2344 1173 2389 Cuius
1200 2342 1431 2405 (verfionis
1464 2341 1645 2409 Uffilae)
1675 2341 1856 2390 illustria
1881 2347 2122 2393 etiamnum
2151 2346 2298 2411 super·

77 2413 177 2463 sunt
195 2411 439 2474 fragmenta
454 2448 464 2468 ,
497 2428 599 2458 cum
626 2410 902 2457 eruditorum
921 2411 1119 2455 virorum
1139 2410 1352 2456 annotatis
1372 2406 1501 2455 semel
1521 2413 1564 2455 in
1583 2411 1750 2467 Suecia,
1777 2410 1820 2457 ὃ(
1845 2410 1912 2458 bis
1933 2412 1979 2458 in
1997 2413 2149 2474 Belgio
2170 2415 2300 2465 edita.

211 2482 321 2526 Haec
338 2479 475 2538 igitur
495 2477 570 2525 illa
589 2475 648 2523 est
672 2473 876 2542 Ulplzitae
896 2474 1087 2522 Gothica
1105 2473 1264 2533 verfio,
1299 2476 1422 2522 cuius
1445 2476 1745 2534 antiquitatem
1774 2477 2029 2538 primaevam
2055 2479 2099 2527 &
2123 2478 2297 2542 stupen-

81 2547 183 2597 dam
199 2583 210 2603 ,
241 2545 532 2604 canitiemque
550 2545 736 2589 minime
755 2540 960 2597 fucatam,
988 2541 1268 2588 commendat
1290 2542 1385 2593 Th.
1403 2539 1713 2588 Mareschallus
1740 2540 1833 2594 obs.
1860 2544 1914 2591 de
1939 2541 2046 2594 vers.
2068 2545 2210 2595 Goth.
2245 2548 2297 2613 q)

83 2627 308 2675 quamque
339 2613 502 2659 veteris
528 2609 701 2675 lingua»
721 2611 997 2657 Germanicoe
1022 2608 1189 2668 (verius
1206 2605 1431 2672 Gothicae)
1459 2610 1806 2676 antiquiffimum
1831 2614 2054 2670 omnium,
2085 2624 2296 2680 quotquot

2113 2692 2294 2737 extant,

126 2784 176 2841 g)
197 2791 329 2839 pag3'33
348 2773 393 2815 ΕΤ
412 2789 454 2825 4.
558 2774 598 2826 Ιι)
626 2774 735 2827 Epist.
758 2788 802 2812 ex
822 2774 934 2812 Ponto
955 2772 975 2814 l.
993 2787 1018 2824 4
1050 2788 1102 2827 ep.
1121 2787 1166 2826 ¹3·
1271 2775 1301 2825 i)
1329 2773 1444 2826 Epzst.
1462 2788 1508 2813 ex
1524 2774 1636 2813 Ponto
1653 2773 1678 2816 l.
1697 2789 1741 2828 ¹3·
1761 2775 1855 2841 epist.
1873 2791 1906 2819 2.
1925 2776 1970 2818 85*
1996 2779 2100 2830 Tmst.
2118 2778 2138 2820 I,
2149 2795 2179 2831 5,
2199 2782 2238 2823 el,
2248 2797 2293 2824 12,

88 2871 93 2874 ,
187 2833 229 2882 k)
264 2829 370 2879 Irzst.
391 2827 413 2867 l.
433 2842 464 2878 5.
483 2826 522 2866 el.
539 2841 583 2868 ιο.
666 2826 696 2879 l>
722 2826 761 2865 de
777 2825 877 2865 rebus
895 2826 969 2866 ech
990 2841 1016 2864 c.
1028 2841 1062 2876 7.
1144 2827 1202 2878 m)
1230 2826 1335 2873 Cant.
1353 2827 1448 2881 Isag.
1465 2826 1536 2879 103.
1545 2831 1669 2880 p.138.
1751 2829 1798 2880 n)
1815 2833 1980 2886 pag.136.
2061 2833 2101 2882 ο)
2120 2846 2205 2887 pag.
2217 2841 2292 2886 388.

179 2887 230 2941 p)
256 2881 348 2936 Hist.
367 2879 440 2920 eccl.
451 2894 496 2935 p.
516 2891 592 2929 7²0·
698 2880 739 2932 q)
758 2892 846 2933 pag.
864 2877 999 2932 3801&
1014 2884 1093 2932 388.
1286 2929 1319 2981 f
