2473 3380
170 133 232 184 μ
868 114 1663 170 EVANGELIUM

166 235 246 293 36.
267 223 459 292 swaswe
487 224 537 291 r)
571 225 644 290 jah
670 240 755 275 atta
785 229 945 277 ἵει-ωιτν.
974 226 1019 290 s)
1302 233 1381 290 36.
1412 230 1532 275 Sicut
1567 229 1697 274 etiam
1725 230 1848 290 pater
1878 229 2026 281 vester.

163 311 244 355 39.
278 292 480 360 quatlzulz
513 292 622 342 than
643 293 685 358 t)
720 294 911 358 gajukon
938 297 1010 344 im.
1037 291 1085 355 ³⁶)
1301 309 1376 356 39,
1414 296 1536 340 Dixit
1566 309 1711 340 autem
1740 296 1996 357 parabolam
2017 298 2095 345 eis·

159 375 240 424 40.
278 362 341 409 ith
365 360 652 427 gamanwids
680 363 728 421 v)
769 359 999 422 qharjizuh
1029 359 1224 407 wairthai
1299 375 1383 420 40.
1421 360 1505 406 Sed
1531 374 1796 421 praeparatus
1824 365 2010 422 quisque
2036 365 2118 410 erit
2143 359 2249 410 ficut
2274 361 2364 410 mass

231 425 314 475 swe
336 426 496 475 laisaris
516 429 565 476 is.
1366 424 1495 487 gister
1517 428 1624 476 eius.

156 508 240 557 41.
278 495 344 541 ith
372 512 479 541 anza
508 495 552 539 in
580 494 848 540 theinamma
876 492 1011 551 augin
1037 491 1082 536 ni
1102 505 1221 556 gau·
1298 507 1381 554 41.
1417 492 1501 538 Sed
1528 491 1698 539 trabem
1728 493 1772 539 in
1797 509 1873 541 tuo
1901 494 2032 542 oculo
2052 511 2140 541 non
2160 495 2294 543 vides.

225 575 351 610 mets.
383 578 422 609 x

154 642 235 689 44.
273 562 456 674 nihthaii
486 641 539 671 us
566 623 865 688 aiqhatundjai
903 621 1137 672 trudanda
1167 623 1220 685 ²0²)
1297 640 1380 688 44.
1416 628 1527 672 Non
1554 625 1673 671 enim
1694 641 1715 671 e
1736 624 1850 673 rubo
1880 627 2095 673 calcantur
2119 641 2228 674 uvae.

153 688 623 822 48w3t7211l1151s27n3i2ny2)
645 755 1219 824 thanwaurthanai.bssag·
1296 767 1378 822 48.
1426 757 1719 805 Inundatione
1769 771 1916 804 autem
1964 756 2102 817 fasta,
2169 756 2361 806 irruebat

221 841 279 889 qu
300 827 348 885 a)
377 824 504 883 aqha.
1364 842 1490 886 aqua.

153 891 261 939 ibid.
284 907 372 938 ana
392 889 441 951 b)
471 890 667 936 thamma
700 887 846 940 staina.
1297 893 1403 939 ibid.
1440 895 1581 951 Super
1617 905 1799 951 petram.

151 973 234 1020 49.
272 958 406 1004 thatei
435 957 638 1024 bg‘fiagqu
658 958 700 1017 e)
727 956 898 1024 flodus.
931 956 992 1015 d)
1296 974 1378 1020 49.
1416 962 1464 1004 In
1492 974 1623 1017 quam
1656 957 1847 1004 irruebat
1876 956 2056 1007 flumen.

2252 1024 2359 1083 Cap.
2408 1048 2411 1049 ⁷

205 1136 240 1183 s)
269 1136 305 1186 J.
325 1137 360 1175 &
377 1136 430 1174 St.
463 1147 538 1173 atta
562 1137 722 1173 izwara:
753 1148 859 1186 aeque
884 1132 1016 1173 insulsa
1044 1132 1291 1182 construfflo,
1320 1147 1361 1172 ac
1383 1133 1407 1172 {i
1428 1134 1541 1174 latine
1564 1134 1703 1174 diceres
1724 1148 1834 1186 pater
1857 1134 1983 1186 nstra.

204 1187 237 1236 t)
264 1189 305 1227 St
335 1187 443 1240 qnath
462 1187 585 1230 ulztan,
615 1202 646 1227 v.
668 1186 775 1240 supra
800 1201 836 1229 v.
854 1187 911 1234 36.
942 1200 1007 1238 cap
1044 1199 1077 1233 ς.

205 1239 244 1289 ’)
271 1241 307 1293 J
340 1242 374 1279 ὃ(
402 1241 457 1282 St.
486 1243 545 1286 in,
574 1241 679 1292 quod
705 1254 827 1292 nuper
855 1241 1133 1291 expunximus,
1162 1253 1196 1277 v.
1232 1251 1287 1285 ¹3·

203 1296 245 1344 v)
273 1293 377 1332 Editi
401 1292 632 1345 gaustanjane
655 1292 848 1339 manwids‚
879 1292 984 1344 quod
1003 1306 1068 1345 per
1088 1291 1244 1338 tmefin,
1274 1290 1442 1343 figuram
1461 1293 1595 1332 Gothis
1621 1306 1700 1332 non
1728 1292 2030 1344 infrequentem,
2054 1292 2236 1344 explicare
2255 1295 2360 1333 anni-

256 1345 350 1385 titur
365 1359 444 1387 rev.
463 1345 571 1385 Benz.
592 1347 631 1385 in
651 1345 974 1385 observationibus
991 1346 1038 1384 ad
1059 1345 1164 1384 hunc
1181 1346 1311 1384 locum
1331 1359 1365 1396 p.
1389 1359 1479 1385 202.
1503 1347 1565 1385 alii
1582 1348 1708 1392 aliter,
1735 1345 1789 1384 cfr
1821 1345 2043 1396 Mal-eschani
2060 1356 2189 1385 annot.
2211 1360 2246 1396 p.
2268 1358 2357 1395 454.

255 1398 321 1439 Est
340 1412 429 1439 vero
446 1399 572 1446 locus,
603 1398 708 1450 quod
734 1412 827 1451 pace
845 1409 1039 1437 tantorum
1066 1399 1236 1436 virorum
1265 1398 1410 1444 dicam,
1439 1399 1581 1451 duplici
1599 1401 1756 1438 nomine
1775 1409 1992 1449 corruptus:
2022 1399 2165 1436 etenim
2196 1399 2232 1447 1)
2251 1398 2360 1437 leuto

257 1452 478 1502 marginalis
505 1452 545 1489 in
572 1462 721 1491 textum
748 1451 793 1490 ab
848 1451 1055 1490 editoribus
1105 1449 1297 1497 inseritur,
1352 1461 1467 1502 prout
1518 1457 1643 1490 antea'
1676 1454 1716 1490 in
1741 1451 1956 1503 praefatione
2013 1450 2250 1490 observatum
2287 1451 2357 1490 est:

260 1507 307 1554 2)
334 1506 374 1544 Si
400 1505 618 1554 marginem
648 1504 734 1544 eod.
768 1514 910 1556 argent
931 1505 1049 1543 oculis
1067 1505 1198 1542 acriter
1215 1505 1431 1549 intuemur,
1456 1518 1523 1556 pro
1547 1506 1732 1551 ustazsjane
1760 1504 1818 1543 vel
1843 1503 2053 1549 ustauhans,
2080 1504 2220 1555 legitur
2241 1516 2360 1541 ustau-

258 1557 364 1604 hans,
394 1557 625 1596 vocabulum
654 1559 761 1596 cuius
784 1570 911 1596 veram
939 1558 1131 1609 originem
1154 1558 1398 1608 &propriam
1424 1556 1738 1608 significationem
1765 1555 1997 1595 acutioribus
2023 1556 2279 1594 extricandam
2306 1569 2360 1595 re—

258 1609 492 1662 linquimus:
521 1608 547 1648 fi
568 1610 686 1649 modo
708 1611 880 1649 extricari
899 1620 1030 1662 queat,
1058 1622 1129 1648 nec
1155 1610 1280 1661 potius
1301 1611 1449 1648 credere
1479 1610 1531 1649 fas
1549 1609 1612 1655 fit,
1640 1623 1759 1648 errore
1785 1607 2043 1655 amanuensis,
2071 1608 2213 1646 factum
2240 1608 2362 1656 fuisse,

256 1673 301 1701 ut
327 1676 396 1714 pro
416 1663 437 1701 h
455 1664 559 1702 litera
575 1661 595 1701 b
616 1665 844 1715 pingeretur.
904 1662 1092 1701 ustaalmm
1117 1672 1214 1701 certe
1241 1662 1287 1700 ad
1318 1664 1477 1713 genium
1502 1664 1642 1713 lingum
1661 1665 1718 1702 M.
1739 1662 1906 1701 Gothicae
1928 1660 2125 1712 respondet
2151 1662 2268 1700 latino
2285 1675 2361 1699 con-

246 1715 433 1767 firmatus,
462 1729 497 1755 v.
515 1715 604 1768 Joh.
630 1728 697 1764 17⁷,
729 1728 787 1762 23.
817 1727 929 1767 atque
955 1715 1048 1755 adeo
1074 1716 1288 1767 aequipollet
1316 1715 1391 1754 fere
1416 1715 1698 1768 ‘rigamanwids
1726 1714 1943 1760 instructus,
1974 1725 2214 1766 praeparatus,
2243 1714 2359 1766 perfe-

257 1768 358 1814 &us3
386 1782 407 1806 a
426 1769 625 1821 manwjmz,
655 1769 700 1808 de
722 1782 800 1821 quo
825 1770 910 1808 vide
935 1767 1193 1821 praefationem
1217 1767 1373 1820 specim.
1394 1768 1507 1809 Gloss'.
1527 1769 1640 1819 Ulpii.
1664 1766 1887 1821 praernisiam
1913 1780 1952 1818 p.
1973 1778 2010 1818 9.

202 1821 247 1871 x)
271 1823 306 1874 J.
327 1822 362 1860 ὅτ
380 1822 435 1862 St,
462 1822 646 1874 gaumjeis.
702 1824 742 1861 B.
770 1822 888 1867 reste,
917 1823 952 1860 ὅ(
981 1821 1029 1860 {ic
1056 1820 1173 1874 supra.

203 1873 248 1924 *)
276 1873 369 1914 Cod.
392 1887 502 1926 graec.
524 1875 759 1919 συλλέγουσι,
791 1876 884 1914 item
913 1876 1128 1918 ἐκλέγονται.
1186 1873 1321 1914 Monet
1350 1874 1454 1917 Edw.
1476 1874 1547 1920 Lye
1574 1875 1615 1913 in
1642 1873 1779 1914 observ.
1800 1872 1845 1911 ad
1864 1872 1888 1910 h
1925 1871 1948 1910 l.
1972 1870 2149 1909 trudanda
2174 1871 2268 1923 poni
2290 1885 2358 1924 pro

254 1928 432 1979 truganda
458 1941 479 1966 a
505 1927 658 1977 τςυγίῐν,
687 1927 941 1968 vindemiare:
969 1939 1005 1966 at
1030 1942 1149 1967 rever.
1173 1927 1277 1967 Benz.
1298 1928 1395 1966 dum
1421 1929 1530 1967 vertit
1557 1927 1753 1972 calcamur,
1780 1925 1987 1975 i·espe5‘tum
2019 1923 2151 1962 habuit
2171 1924 2217 1962 ad
2237 1922 2358 1965 Goth.

254 1979 408 2028 trudan,
437 1981 562 2032 quod,
591 1994 697 2032 aeque
714 1994 755 2020 ae
772 1980 945 2020 nostrum
961 1980 1083 2027 tracia,
1114 1982 1244 2019 Germ.
1263 1992 1390 2027 treten,
1420 1979 1604 2032 significat
1628 1993 1759 2018 ornnes
1776 1979 1920 2031 pedum
1936 1988 2077 2024 motus,
2107 1978 2174 2029 qui
2193 1978 2251 2016 vel
2271 1979 2359 2016 ince-¹

256 2030 365 2070 denda
384 2033 443 2072 vel
479 2032 637 2071 calcando
663 2033 779 2081 fiunt,
810 2035 1006 2084 oriturque
1027 2046 1048 2071 a
1066 2033 1197 2072 celtico
1214 2031 1320 2080 trud,
1348 2046 1422 2084 pes.
1444 2047 1482 2075 v.
1506 2032 1686 2072 Wachter.
1709 2033 1750 2070 in
1772 2044 1881 2078 voce,
1910 2032 2003 2070 item
2021 2030 2161 2080 Junius
2175 2031 2217 2069 in
2235 2027 2356 2072 Gloss'.

256 2084 292 2122 ἃ
311 2083 533 2135 Marefihall.
559 2083 736 2124 observat.
769 2100 805 2137 p.
827 2097 917 2134 454.

190 2136 240 2187 y)
266 2137 301 2189 J
324 2138 365 2174 δι’
377 2138 418 2176 St
449 2135 700 2188 weinabagjan:
728 2151 750 2175 n
769 2137 878 2178 finale
904 2136 1050 2176 sustulit
1064 2139 1104 2176 B.
1125 2138 1159 2176 8<
1182 2137 1294 2177 docet
1318 2138 1502 2177 nominat.
1524 2137 1658 2189 singul.
1679 2137 1757 2176 fore
1782 2133 1977 2186 wcinabffi,
2007 2133 2131 2176 nenti-2
2148 2147 2357 2189 propterea-

256 2201 332 2240 que
350 2190 503 2228 nullum
526 2189 663 2229 habere
683 2189 808 2229 casum
827 2191 1049 2242 regulariter
1066 2201 1271 2229 exeuntem
1290 2192 1330 2228 in
1351 2204 1389 2231 n·
1437 2190 1500 2229 Ab
1519 2190 1590 2229 hac
1609 2203 1700 2228 voce
1717 2203 1827 2241 porro
1845 2188 1999 2228 deducit
2011 2190 2136 2232 Batav.
2158 2189 2354 2242 weiubefst,

253 2240 504 2294 nostrumque
530 2241 692 2289 winbaer,
720 2242 895 2282 consueta
912 2244 1125 2282 mutatione
1150 2256 1172 2280 r
1195 2240 1238 2281 &
1261 2257 1291 2283 s.
1323 2243 1387 2281 eft:
1416 2242 1558 2282 Hsacht.
1579 2244 1618 2282 in
1638 2240 1757 2282 Gloss'.
1779 2244 1906 2281 Germ.
1935 2256 1971 2293 p.
1997 2253 2085 2292 149.

199 2294 244 2345 z)
268 2296 307 2347 J.
327 2295 534 2346 atarunjan.
564 2297 619 2335 St.
641 2297 673 2333 ὃ(
698 2297 737 2334 Β.
768 2296 984 2350 atgarunjan
1013 2294 1064 2334 est
1092 2306 1221 2333 autem
1245 2294 1346 2334 casus
1372 2296 1494 2334 ree‘tus
1515 2297 1692 2348 garunjo,
1721 2295 1852 2333 femin.
1871 2294 2092 2341 inundatio,
2112 2296 2222 2333 cuius
2242 2294 2353 2334 dntiv.

251 2348 312 2386 vel
331 2347 480 2388 ablativ.
510 2361 556 2387 ex
573 2349 745 2399 analogia
769 2351 839 2387 erit
857 2347 1059 2402 garunjon,
1088 2358 1149 2386 ut:
1173 2348 1355 2400 gajukon,
1383 2349 1506 2389 Marc.
1525 2359 1573 2398 4,
1606 2360 1666 2393 30.
1695 2345 1844 2385 brinnon
1869 2349 1961 2386 Luc,
1981 2360 2025 2396 4,
2057 2354 2115 2393 38.
2135 2348 2204 2386 ἃς.
2231 2348 2354 2389 Refer.

252 2399 300 2439 ad
326 2402 476 2446 rinnau,
509 2401 644 2447 fluere,
671 2413 833 2439 manare.
894 2413 896 2416 ⁴

200 2450 242 2504 a)
270 2453 332 2492 Sic
354 2454 450 2492 reete
468 2455 508 2492 B.
529 2453 711 2493 exhibent
732 2466 818 2492 vero
837 2454 875 2505 J
900 2453 935 2490 3<
955 2452 1007 2490 St.
1034 2464 1170 2490 vocem
1193 2450 1291 2491 hane
1309 2451 1385 2490 fere
1404 2449 1549 2503 semper
1568 2461 1786 2504 corruptam
1806 2452 1840 2490 ἅ
1859 2451 1900 2493 h.
1918 2451 1942 2491 l.
1969 2450 2145 2504 bistagun,
2173 2450 2225 2490 est
2248 2454 2353 2494 enim

253 2518 275 2544 a
294 2503 326 2543 bi
347 2506 380 2543 ἅ
399 2506 591 2559 stigquan,
617 2505 722 2557 quod
748 2504 856 2557 supra
880 2504 1100 2543 habuimus.
1157 2505 1248 2556 Cap.
1273 2517 1317 2552 4,
1350 2516 1408 2542 11.
1437 2515 1520 2546 not.
1540 2517 1571 2543 a.

199 2556 239 2609 b)
268 2558 495 2598 Emendavit
511 2560 539 2598 Β
573 2560 610 2611 J.
630 2560 661 2597 ὅ(
684 2559 733 2596 St.
754 2556 841 2605 and,
873 2557 977 2609 quod
996 2555 1123 2595 casum
1143 2567 1322 2608 quartum
1343 2556 1525 2609 postulat,
1554 2556 1709 2596 tlzamma
1731 2556 1845 2607 staina
1872 2571 1961 2597 vero
1982 2555 2034 2597 est
2054 2556 2167 2599 dativ.
2185 2559 2219 2597 8<
2239 2558 2351 2603 ablat.

251 2611 392 2650 Matth.
415 2622 482 2658 27,
507 2612 570 2649 60.
631 2612 749 2651 Marc.
770 2623 814 2658 4,
849 2610 909 2650 16.
940 2612 973 2648 ὅ(
992 2609 1136 2662 passim.
2243 2625 2248 2631 ν

199 2663 233 2711 c)
256 2666 292 2716 J.
314 2665 350 2702 δε
369 2666 421 2706 St.
451 2662 576 2702 rursus
604 2662 689 2714 hista
714 2676 782 2709 ma,
810 2662 915 2714 quod
942 2664 1161 2713 nuperrime
1187 2663 1400 2705 reiecimus.

200 2715 241 2767 d)
268 2715 370 2755 Editi
395 2714 618 2768 aqlzaflodns3
644 2677 732 2767 aqia
753 2729 840 2755 vero
869 2717 910 2754 in
928 2717 1123 2768 margine,
1145 2713 1260 2765 flodus
1280 2716 1318 2754 in
1345 2726 1453 2754 textu
1481 2715 1621 2755 codicis
1647 2716 1847 2769 reperitur:
1879 2716 2061 2768 ideoque,
2089 2728 2212 2767 quum
2239 2730 2349 2758 voces

255 2770 536 2821 aequipollentes
554 2767 626 2808 {int
646 2783 684 2809 v.
700 2766 838 2807 Matth.
860 2780 905 2816 7,
938 2780 998 2816 25.
1024 2779 1085 2814 27.
1113 2768 1208 2807 nihil
1226 2768 1323 2807 mihi
1343 2769 1472 2808 videor
1499 2770 1621 2809 codici
1648 2779 1827 2821 argenteo
1852 2769 2063 2812 detraxisse.
2091 2768 2117 2807 fi
2133 2770 2349 2810 alterutram

254 2821 302 2859 ad
328 2821 618 2873 exprimendam
641 2822 852 2873 interpretis
879 2832 1051 2860 mentem
1080 2821 1350 2860 tantummodo
1374 2823 1575 2863 retinuero.
1623 2821 1757 2873 flodus,
1795 2823 1960 2869 flumen,
1991 2823 2116 2860 fluxus
2148 2836 2346 2874 aquarum,

255 2874 297 2911 in
324 2873 496 2914 dialef‘tos
524 2885 674 2915 tantum
700 2888 780 2914 non
807 2887 940 2914 omnes
965 2875 1212 2926 permanavit.
1243 2888 1280 2915 v.
1300 2876 1333 2926 J.
1358 2876 1392 2913 3<
1413 2876 1464 2914 St,
1486 2877 1526 2914 in
1552 2874 1760 2915 Gloffariis:
1790 2875 2000 2921 descendit,
2029 2874 2153 2914 iudice
2171 2876 2348 2923 Skinnero,

256 2938 276 2964 a
297 2924 501 2975 lat07fluere,
521 2926 686 2977 fluitare,
715 2929 853 2979 regerit
881 2940 989 2975 ver0,
1027 2927 1054 2966 si
1082 2926 1174 2978 quid
1200 2927 1349 2976 iudico,
1375 2929 1519 2994 optim'e
1545 2927 1775 2968 Wachterm:
1800 2929 2025 2979 neutiquam
2051 2928 2248 2969 verifimile
2277 2929 2368 2969 effe-

2254 2995 2344 3033 gen-
