<?xml version="1.0" encoding="UTF-8"?>
<!DOCTYPE html PUBLIC "-//W3C//DTD XHTML 1.0 Transitional//EN"
    "http://www.w3.org/TR/xhtml1/DTD/xhtml1-transitional.dtd">
<html xmlns="http://www.w3.org/1999/xhtml" xml:lang="en" lang="en">
 <head>
  <title>
</title>
<meta http-equiv="Content-Type" content="text/html;charset=utf-8" />
  <meta name='ocr-system' content='tesseract 3.04.00' />
  <meta name='ocr-capabilities' content='ocr_page ocr_carea ocr_par ocr_line ocrx_word'/>
</head>
<body>
  <div class='ocr_page' id='page_1' title='image "./johannisabihresc00ihre_0238.png"; bbox 0 0 2473 3380; ppageno 0'>
   <div class='ocr_carea' id='block_1_1' title="bbox 150 166 1637 251">
    <p class='ocr_par' dir='ltr' id='par_1_1' title="bbox 150 166 1637 251">
     <span class='ocr_line' id='line_1_1' title="bbox 150 166 1637 251; baseline -0.009 -17"><span class='ocrx_word' id='word_1_1' title='bbox 150 192 250 235; x_wconf 84' lang='lat'><em>222</em></span> <span class='ocrx_word' id='word_1_2' title='bbox 828 167 1303 224; x_wconf 82' lang='lat' dir='ltr'><em>DISSERTATIO</em></span> <span class='ocrx_word' id='word_1_3' title='bbox 1336 166 1637 251; x_wconf 85' lang='lat' dir='ltr'><em>ALTERA,</em></span> 
     </span>
    </p>
   </div>
   <div class='ocr_carea' id='block_1_2' title="bbox 143 275 2383 2627">
    <p class='ocr_par' dir='ltr' id='par_1_2' title="bbox 143 275 2383 2627">
     <span class='ocr_line' id='line_1_2' title="bbox 154 275 2363 357; baseline -0.005 -17"><span class='ocrx_word' id='word_1_4' title='bbox 154 292 367 357; x_wconf 81' lang='lat' dir='ltr'><em>digerere</em></span> <span class='ocrx_word' id='word_1_5' title='bbox 409 284 647 337; x_wconf 80' lang='lat' dir='ltr'><em>valuerim.</em></span> <span class='ocrx_word' id='word_1_6' title='bbox 715 284 861 334; x_wconf 88' lang='lat' dir='ltr'><em>Immo</em></span> <span class='ocrx_word' id='word_1_7' title='bbox 897 300 1004 331; x_wconf 86' lang='lat' dir='ltr'><em>vero</em></span> <span class='ocrx_word' id='word_1_8' title='bbox 1038 286 1084 329; x_wconf 89' lang='lat' dir='ltr'><em>in</em></span> <span class='ocrx_word' id='word_1_9' title='bbox 1110 284 1310 330; x_wconf 86' lang='lat' dir='ltr'><em>animum</em></span> <span class='ocrx_word' id='word_1_10' title='bbox 1341 280 1547 329; x_wconf 81' lang='lat' dir='ltr'><em>inducere</em></span> <span class='ocrx_word' id='word_1_11' title='bbox 1578 295 1666 329; x_wconf 90' lang='lat' dir='ltr'><em>non</em></span> <span class='ocrx_word' id='word_1_12' title='bbox 1693 278 1840 338; x_wconf 82' lang='lat' dir='ltr'><em>debeo,</em></span> <span class='ocrx_word' id='word_1_13' title='bbox 1872 275 1982 344; x_wconf 78' lang='lat' dir='ltr'><em>fore</em></span> <span class='ocrx_word' id='word_1_14' title='bbox 2015 282 2267 347; x_wconf 52' lang='lat' dir='ltr'><em>quempiam</em></span> <span class='ocrx_word' id='word_1_15' title='bbox 2302 281 2363 329; x_wconf 88' lang='lat' dir='ltr'><em>ci·</em></span> 
     </span>
     <span class='ocr_line' id='line_1_3' title="bbox 155 341 2362 418; baseline -0.006 -11"><span class='ocrx_word' id='word_1_16' title='bbox 155 363 280 408; x_wconf 80' lang='lat' dir='ltr'><em>vium</em></span> <span class='ocrx_word' id='word_1_17' title='bbox 307 370 529 409; x_wconf 88' lang='lat' dir='ltr'><em>meorum,</em></span> <span class='ocrx_word' id='word_1_18' title='bbox 564 356 642 418; x_wconf 88' lang='lat' dir='ltr'><em>qui</em></span> <span class='ocrx_word' id='word_1_19' title='bbox 675 368 855 417; x_wconf 83' lang='lat' dir='ltr'><em>operam</em></span> <span class='ocrx_word' id='word_1_20' title='bbox 882 366 949 398; x_wconf 90' lang='lat' dir='ltr'><em>me</em></span> <span class='ocrx_word' id='word_1_21' title='bbox 975 346 1217 415; x_wconf 73' lang='lat' dir='ltr'><em>perdidzffe</em></span> <span class='ocrx_word' id='word_1_22' title='bbox 1247 358 1459 413; x_wconf 65' lang='lat' dir='ltr'><em>arguat„</em></span> <span class='ocrx_word' id='word_1_23' title='bbox 1477 348 1583 394; x_wconf 86' lang='lat' dir='ltr'><em>dum</em></span> <span class='ocrx_word' id='word_1_24' title='bbox 1605 341 1757 409; x_wconf 87' lang='lat' dir='ltr'><em>facem</em></span> <span class='ocrx_word' id='word_1_25' title='bbox 1792 348 1998 405; x_wconf 82' lang='lat' dir='ltr'><em>accendo,</em></span> <span class='ocrx_word' id='word_1_26' title='bbox 2032 349 2096 398; x_wconf 87' lang='lat' dir='ltr'><em>ad</em></span> <span class='ocrx_word' id='word_1_27' title='bbox 2119 363 2255 414; x_wconf 86' lang='lat' dir='ltr'><em>quam</em></span> <span class='ocrx_word' id='word_1_28' title='bbox 2276 362 2362 411; x_wconf 88' lang='lat' dir='ltr'><em>per</em></span> 
     </span>
     <span class='ocr_line' id='line_1_4' title="bbox 154 411 2363 483; baseline -0.006 -10"><span class='ocrx_word' id='word_1_29' title='bbox 154 425 300 474; x_wconf 79' lang='lat' dir='ltr'><em>invios</em></span> <span class='ocrx_word' id='word_1_30' title='bbox 331 420 411 477; x_wconf 75' lang='lat' dir='ltr'><em>bos</em></span> <span class='ocrx_word' id='word_1_31' title='bbox 438 420 573 483; x_wconf 84' lang='lat' dir='ltr'><em>calles</em></span> <span class='ocrx_word' id='word_1_32' title='bbox 602 431 696 469; x_wconf 84' lang='lat' dir='ltr'><em>tuta</em></span> <span class='ocrx_word' id='word_1_33' title='bbox 728 419 778 468; x_wconf 57' lang='grc' dir='ltr'><em>Εἴ</em></span> <span class='ocrx_word' id='word_1_34' title='bbox 808 418 971 478; x_wconf 90' lang='lat' dir='ltr'><em>absque</em></span> <span class='ocrx_word' id='word_1_35' title='bbox 1004 414 1220 482; x_wconf 70' lang='lat' dir='ltr'><em>molcssia,</em></span> <span class='ocrx_word' id='word_1_36' title='bbox 1240 415 1289 482; x_wconf 86' lang='lat' dir='ltr'><em>fi</em></span> <span class='ocrx_word' id='word_1_37' title='bbox 1318 412 1565 463; x_wconf 83' lang='lat' dir='ltr'><em>collibitum</em></span> <span class='ocrx_word' id='word_1_38' title='bbox 1584 411 1759 476; x_wconf 86' lang='lat' dir='ltr'><em>fuerit,</em></span> <span class='ocrx_word' id='word_1_39' title='bbox 1793 416 1871 461; x_wconf 89' lang='lat' dir='ltr'><em>ille</em></span> <span class='ocrx_word' id='word_1_40' title='bbox 1902 416 2098 464; x_wconf 81' lang='lat' dir='ltr'><em>incedere</em></span> <span class='ocrx_word' id='word_1_41' title='bbox 2123 416 2273 482; x_wconf 83' lang='lat' dir='ltr'><em>poffit,</em></span> <span class='ocrx_word' id='word_1_42' title='bbox 2307 412 2363 471; x_wconf 84' lang='lat' dir='ltr'><em>il-</em></span> 
     </span>
     <span class='ocr_line' id='line_1_5' title="bbox 156 477 2366 556; baseline -0.006 -16"><span class='ocrx_word' id='word_1_43' title='bbox 156 492 332 556; x_wconf 81' lang='lat' dir='ltr'><em>lamque</em></span> <span class='ocrx_word' id='word_1_44' title='bbox 363 490 569 555; x_wconf 82' lang='lat' dir='ltr'><strong><em>linguam</em></strong></span> <span class='ocrx_word' id='word_1_45' title='bbox 594 502 688 552; x_wconf 88' lang='lat' dir='ltr'><em>pro</em></span> <span class='ocrx_word' id='word_1_46' title='bbox 714 486 842 533; x_wconf 87' lang='lat' dir='ltr'><em>virili</em></span> <span class='ocrx_word' id='word_1_47' title='bbox 873 483 1112 549; x_wconf 83' lang='lat' dir='ltr'><em>illustrem,</em></span> <span class='ocrx_word' id='word_1_48' title='bbox 1156 497 1256 547; x_wconf 67' lang='lat' dir='ltr'><em>quat</em></span> <span class='ocrx_word' id='word_1_49' title='bbox 1292 496 1380 529; x_wconf 86' lang='lat' dir='ltr'><em>non</em></span> <span class='ocrx_word' id='word_1_50' title='bbox 1405 478 1534 529; x_wconf 92' lang='lat' dir='ltr'><em>modo</em></span> <span class='ocrx_word' id='word_1_51' title='bbox 1566 482 1723 549; x_wconf 69' lang='lat' dir='ltr'><em>nostrie</em></span> <span class='ocrx_word' id='word_1_52' title='bbox 1742 477 1831 542; x_wconf 73' lang='lat' dir='ltr'><em>fi’d</em></span> <span class='ocrx_word' id='word_1_53' title='bbox 1848 481 2052 545; x_wconf 87' lang='lat' dir='ltr'><em>plurium</em></span> <span class='ocrx_word' id='word_1_54' title='bbox 2083 499 2171 548; x_wconf 86' lang='lat' dir='ltr'><em>per</em></span> <span class='ocrx_word' id='word_1_55' title='bbox 2205 482 2366 529; x_wconf 89' lang='lat' dir='ltr'><em>Euro-</em></span> 
     </span>
     <span class='ocr_line' id='line_1_6' title="bbox 153 545 2366 625; baseline -0.007 -17"><span class='ocrx_word' id='word_1_56' title='bbox 153 574 266 625; x_wconf 79' lang='lat' dir='ltr'><em>pam</em></span> <span class='ocrx_word' id='word_1_57' title='bbox 298 567 598 623; x_wconf 81' lang='lat' dir='ltr'><em>cognatarum</em></span> <span class='ocrx_word' id='word_1_58' title='bbox 629 553 895 618; x_wconf 85' lang='lat' dir='ltr'><em>linguarum</em></span> <span class='ocrx_word' id='word_1_59' title='bbox 930 550 1136 598; x_wconf 83' lang='lat' dir='ltr'><em>aliarum</em></span> <span class='ocrx_word' id='word_1_60' title='bbox 1169 564 1255 597; x_wconf 91' lang='lat' dir='ltr'><em>non</em></span> <span class='ocrx_word' id='word_1_61' title='bbox 1295 546 1538 614; x_wconf 86' lang='lat' dir='ltr'><em>inficianda</em></span> <span class='ocrx_word' id='word_1_62' title='bbox 1578 558 1727 595; x_wconf 88' lang='lat' dir='ltr'><em>mater</em></span> <span class='ocrx_word' id='word_1_63' title='bbox 1767 549 1834 610; x_wconf 71' lang='lat' dir='ltr'><em>«ss.</em></span> <span class='ocrx_word' id='word_1_64' title='bbox 1905 547 1973 594; x_wconf 89' lang='lat' dir='ltr'><em>Et</em></span> <span class='ocrx_word' id='word_1_65' title='bbox 2009 548 2120 611; x_wconf 86' lang='lat' dir='ltr'><em>quid</em></span> <span class='ocrx_word' id='word_1_66' title='bbox 2156 545 2366 614; x_wconf 73' lang='lat' dir='ltr'><em>qua’ris?</em></span> 
     </span>
     <span class='ocr_line' id='line_1_7' title="bbox 159 610 2366 686; baseline -0.005 -13"><span class='ocrx_word' id='word_1_67' title='bbox 159 625 485 677; x_wconf 74' lang='lat' dir='ltr'><em>Conveniensne</em></span> <span class='ocrx_word' id='word_1_68' title='bbox 528 616 852 686; x_wconf 85' lang='lat' dir='ltr'><em>existimabunt</em></span> <span class='ocrx_word' id='word_1_69' title='bbox 893 632 1062 672; x_wconf 84' lang='lat' dir='ltr'><em>omnes,</em></span> <span class='ocrx_word' id='word_1_70' title='bbox 1104 628 1154 664; x_wconf 90' lang='lat' dir='ltr'><em>ut</em></span> <span class='ocrx_word' id='word_1_71' title='bbox 1188 632 1290 671; x_wconf 89' lang='lat' dir='ltr'><em>nos,</em></span> <span class='ocrx_word' id='word_1_72' title='bbox 1331 613 1492 679; x_wconf 87' lang='lat' dir='ltr'><em>quibus</em></span> <span class='ocrx_word' id='word_1_73' title='bbox 1523 610 1634 675; x_wconf 76' lang='lat' dir='ltr'><em>lblis</em></span> <span class='ocrx_word' id='word_1_74' title='bbox 1661 612 1766 675; x_wconf 80' lang='lat' dir='ltr'><em>fata</em></span> <span class='ocrx_word' id='word_1_75' title='bbox 1805 612 2070 679; x_wconf 79' lang='lat' dir='ltr'><em>benigniora</em></span> <span class='ocrx_word' id='word_1_76' title='bbox 2106 621 2366 680; x_wconf 81' lang='lat' dir='ltr'><em>propiorem</em></span> 
     </span>
     <span class='ocr_line' id='line_1_8' title="bbox 157 679 2366 757; baseline -0.005 -18"><span class='ocrx_word' id='word_1_77' title='bbox 157 690 284 757; x_wconf 78' lang='lat' dir='ltr'><em>usum</em></span> <span class='ocrx_word' id='word_1_78' title='bbox 316 688 479 736; x_wconf 86' lang='lat' dir='ltr'><em>codicis</em></span> <span class='ocrx_word' id='word_1_79' title='bbox 508 687 701 747; x_wconf 79' lang='lat' dir='ltr'><em>argentei</em></span> <span class='ocrx_word' id='word_1_80' title='bbox 733 681 1045 748; x_wconf 76' lang='lat' dir='ltr'><em>conceffirunt,</em></span> <span class='ocrx_word' id='word_1_81' title='bbox 1077 685 1287 750; x_wconf 63' lang='lat' dir='ltr'><em>postremi</em></span> <span class='ocrx_word' id='word_1_82' title='bbox 1319 698 1405 732; x_wconf 82' lang='lat' dir='ltr'><em>non</em></span> <span class='ocrx_word' id='word_1_83' title='bbox 1423 682 1558 745; x_wconf 80' lang='lat' dir='ltr'><em>fimus</em></span> <span class='ocrx_word' id='word_1_84' title='bbox 1581 684 1628 729; x_wconf 88' lang='lat' dir='ltr'><em>in</em></span> <span class='ocrx_word' id='word_1_85' title='bbox 1659 679 1803 729; x_wconf 88' lang='lat' dir='ltr'><em>eodem</em></span> <span class='ocrx_word' id='word_1_86' title='bbox 1835 696 1932 729; x_wconf 89' lang='lat' dir='ltr'><em>cum</em></span> <span class='ocrx_word' id='word_1_87' title='bbox 1961 680 2123 729; x_wconf 80' lang='lat' dir='ltr'><em>iudicio</em></span> <span class='ocrx_word' id='word_1_88' title='bbox 2147 681 2366 747; x_wconf 76' lang='lat' dir='ltr'><em>ufitrpan-</em></span> 
     </span>
     <span class='ocr_line' id='line_1_9' title="bbox 155 745 2368 817; baseline -0.006 -9"><span class='ocrx_word' id='word_1_89' title='bbox 155 759 247 808; x_wconf 80' lang='lat' dir='ltr'><em>do?</em></span> <span class='ocrx_word' id='word_1_90' title='bbox 275 757 346 807; x_wconf 86' lang='lat' dir='ltr'><em>Et</em></span> <span class='ocrx_word' id='word_1_91' title='bbox 376 753 460 804; x_wconf 76' lang='lat' dir='ltr'><em>hoc</em></span> <span class='ocrx_word' id='word_1_92' title='bbox 482 752 588 802; x_wconf 86' lang='lat' dir='ltr'><em>dum</em></span> <span class='ocrx_word' id='word_1_93' title='bbox 604 750 837 816; x_wconf 86' lang='lat' dir='ltr'><em>facimus,</em></span> <span class='ocrx_word' id='word_1_94' title='bbox 871 755 1147 817; x_wconf 85' lang='lat' dir='ltr'><em>reperiemus</em></span> <span class='ocrx_word' id='word_1_95' title='bbox 1177 752 1384 817; x_wconf 85' lang='lat' dir='ltr'><em>linguam</em></span> <span class='ocrx_word' id='word_1_96' title='bbox 1410 745 1778 816; x_wconf 68' lang='lat' dir='ltr'><em>Moestigotlzicam</em></span> <span class='ocrx_word' id='word_1_97' title='bbox 1809 764 1895 796; x_wconf 85' lang='lat' dir='ltr'><em>non</em></span> <span class='ocrx_word' id='word_1_98' title='bbox 1910 745 2065 812; x_wconf 74' lang='lat' dir='ltr'><em>filum</em></span> <span class='ocrx_word' id='word_1_99' title='bbox 2093 758 2260 810; x_wconf 58' lang='grc' dir='ltr'><em>ὲηςγέηις</em></span> <span class='ocrx_word' id='word_1_100' title='bbox 2275 750 2368 813; x_wconf 82' lang='lat' dir='ltr'><em>ple-</em></span> 
     </span>
     <span class='ocr_line' id='line_1_10' title="bbox 155 816 2366 894; baseline -0.005 -21"><span class='ocrx_word' id='word_1_101' title='bbox 155 825 398 894; x_wconf 83' lang='lat' dir='ltr'><em>mffimam,</em></span> <span class='ocrx_word' id='word_1_102' title='bbox 416 820 508 886; x_wconf 89' lang='lat' dir='ltr'><em>sed</em></span> <span class='ocrx_word' id='word_1_103' title='bbox 535 825 671 870; x_wconf 86' lang='lat' dir='ltr'><em>etiam</em></span> <span class='ocrx_word' id='word_1_104' title='bbox 705 819 862 886; x_wconf 87' lang='lat' dir='ltr'><em>ubique</em></span> <span class='ocrx_word' id='word_1_105' title='bbox 894 821 1174 877; x_wconf 82' lang='lat' dir='ltr'><em>concinnam,</em></span> <span class='ocrx_word' id='word_1_106' title='bbox 1196 819 1275 884; x_wconf 81' lang='lat' dir='ltr'><em>fiii</em></span> <span class='ocrx_word' id='word_1_107' title='bbox 1301 833 1392 885; x_wconf 87' lang='lat' dir='ltr'><em>per</em></span> <span class='ocrx_word' id='word_1_108' title='bbox 1423 820 1572 865; x_wconf 90' lang='lat' dir='ltr'><em>omnia</em></span> <span class='ocrx_word' id='word_1_109' title='bbox 1587 816 1805 882; x_wconf 86' lang='lat' dir='ltr'><em>similem,</em></span> <span class='ocrx_word' id='word_1_110' title='bbox 1841 816 1890 866; x_wconf 54' lang='grc' dir='ltr'><em>Εἴ</em></span> <span class='ocrx_word' id='word_1_111' title='bbox 1921 817 2213 882; x_wconf 75' lang='lat' dir='ltr'><em>constantibus</em></span> <span class='ocrx_word' id='word_1_112' title='bbox 2239 830 2366 880; x_wconf 88' lang='lat' dir='ltr'><em>regu-</em></span> 
     </span>
     <span class='ocr_line' id='line_1_11' title="bbox 156 882 2368 954; baseline -0.005 -14"><span class='ocrx_word' id='word_1_113' title='bbox 156 891 218 941; x_wconf 87' lang='lat' dir='ltr'><em>lis</em></span> <span class='ocrx_word' id='word_1_114' title='bbox 242 889 351 940; x_wconf 90' lang='lat' dir='ltr'><em>adeo</em></span> <span class='ocrx_word' id='word_1_115' title='bbox 375 891 677 954; x_wconf 66' lang='lat' dir='ltr'><em>constrictam,</em></span> <span class='ocrx_word' id='word_1_116' title='bbox 705 900 758 937; x_wconf 88' lang='lat' dir='ltr'><em>ut</em></span> <span class='ocrx_word' id='word_1_117' title='bbox 785 886 969 937; x_wconf 78' lang='lat' dir='ltr'><em>Gra’coe</em></span> <span class='ocrx_word' id='word_1_118' title='bbox 996 887 1294 951; x_wconf 71' lang='lat' dir='ltr'><em>Romanaque</em></span> <span class='ocrx_word' id='word_1_119' title='bbox 1318 882 1437 933; x_wconf 76' lang='lat' dir='ltr'><em>nihil</em></span> <span class='ocrx_word' id='word_1_120' title='bbox 1464 888 1637 932; x_wconf 89' lang='lat' dir='ltr'><em>omnino</em></span> <span class='ocrx_word' id='word_1_121' title='bbox 1665 883 1888 932; x_wconf 78' lang='lat' dir='ltr'><em>concedat.</em></span> <span class='ocrx_word' id='word_1_122' title='bbox 1960 885 2114 951; x_wconf 75' lang='lat' dir='ltr'><em>Quum</em></span> <span class='ocrx_word' id='word_1_123' title='bbox 2137 897 2239 930; x_wconf 86' lang='lat' dir='ltr'><em>vero</em></span> <span class='ocrx_word' id='word_1_124' title='bbox 2266 896 2368 930; x_wconf 88' lang='lat' dir='ltr'><em>ora-</em></span> 
     </span>
     <span class='ocr_line' id='line_1_12' title="bbox 159 945 2371 1023; baseline -0.006 -14"><span class='ocrx_word' id='word_1_125' title='bbox 159 963 225 1009; x_wconf 91' lang='lat' dir='ltr'><em>tio</em></span> <span class='ocrx_word' id='word_1_126' title='bbox 256 958 401 1007; x_wconf 82' lang='lat' dir='ltr'><em>animi</em></span> <span class='ocrx_word' id='word_1_127' title='bbox 416 955 652 1023; x_wconf 74' lang='lat' dir='ltr'><em>speculum</em></span> <span class='ocrx_word' id='word_1_128' title='bbox 685 953 763 1018; x_wconf 85' lang='lat' dir='ltr'><em>effe</em></span> <span class='ocrx_word' id='word_1_129' title='bbox 776 951 951 1018; x_wconf 78' lang='lat' dir='ltr'><em>soleat,</em></span> <span class='ocrx_word' id='word_1_130' title='bbox 996 954 1045 1003; x_wconf 56' lang='grc' dir='ltr'><em>Εἴ</em></span> <span class='ocrx_word' id='word_1_131' title='bbox 1078 957 1155 1018; x_wconf 87' lang='lat' dir='ltr'><em>qui</em></span> <span class='ocrx_word' id='word_1_132' title='bbox 1178 951 1396 1002; x_wconf 86' lang='lat' dir='ltr'><em>barbaris</em></span> <span class='ocrx_word' id='word_1_133' title='bbox 1409 948 1526 1016; x_wconf 76' lang='lat' dir='ltr'><em>stent</em></span> <span class='ocrx_word' id='word_1_134' title='bbox 1554 949 1755 1000; x_wconf 84' lang='lat' dir='ltr'><em>moribus</em></span> <span class='ocrx_word' id='word_1_135' title='bbox 1793 966 1877 999; x_wconf 89' lang='lat' dir='ltr'><em>non</em></span> <span class='ocrx_word' id='word_1_136' title='bbox 1912 952 1994 1017; x_wconf 85' lang='lat' dir='ltr'><em>nisi</em></span> <span class='ocrx_word' id='word_1_137' title='bbox 2017 947 2243 998; x_wconf 85' lang='lat' dir='ltr'><em>incondita</em></span> <span class='ocrx_word' id='word_1_138' title='bbox 2263 945 2371 1011; x_wconf 86' lang='lat' dir='ltr'><em>fere</em></span> 
     </span>
     <span class='ocr_line' id='line_1_13' title="bbox 157 1015 2372 1090; baseline -0.006 -16"><span class='ocrx_word' id='word_1_139' title='bbox 157 1026 401 1090; x_wconf 82' lang='lat' dir='ltr'><em>loquantur</em></span> <span class='ocrx_word' id='word_1_140' title='bbox 440 1024 512 1084; x_wconf 83' lang='lat'><em>*),</em></span> <span class='ocrx_word' id='word_1_141' title='bbox 554 1021 736 1071; x_wconf 86' lang='lat' dir='ltr'><em>videtur</em></span> <span class='ocrx_word' id='word_1_142' title='bbox 766 1016 881 1068; x_wconf 81' lang='lat' dir='ltr'><em>milti</em></span> <span class='ocrx_word' id='word_1_143' title='bbox 910 1020 980 1069; x_wconf 80' lang='lat' dir='ltr'><em>uel</em></span> <span class='ocrx_word' id='word_1_144' title='bbox 1011 1015 1091 1067; x_wconf 84' lang='lat' dir='ltr'><em>hoc</em></span> <span class='ocrx_word' id='word_1_145' title='bbox 1123 1023 1249 1069; x_wconf 89' lang='lat' dir='ltr'><em>unico</em></span> <span class='ocrx_word' id='word_1_146' title='bbox 1281 1022 1517 1084; x_wconf 87' lang='lat' dir='ltr'><em>testimonio</em></span> <span class='ocrx_word' id='word_1_147' title='bbox 1549 1017 1815 1085; x_wconf 87' lang='lat' dir='ltr'><em>confirmari</em></span> <span class='ocrx_word' id='word_1_148' title='bbox 1835 1015 1972 1082; x_wconf 66' lang='lat' dir='ltr'><em>pff,</em></span> <span class='ocrx_word' id='word_1_149' title='bbox 2014 1027 2189 1083; x_wconf 82' lang='lat' dir='ltr'><em>gentem</em></span> <span class='ocrx_word' id='word_1_150' title='bbox 2224 1015 2372 1064; x_wconf 83' lang='lat' dir='ltr'><em>Geta·</em></span> 
     </span>
     <span class='ocr_line' id='line_1_14' title="bbox 160 1081 2373 1157; baseline -0.005 -16"><span class='ocrx_word' id='word_1_151' title='bbox 160 1106 288 1148; x_wconf 89' lang='lat' dir='ltr'><em>rum,</em></span> <span class='ocrx_word' id='word_1_152' title='bbox 322 1093 377 1139; x_wconf 89' lang='lat' dir='ltr'><em>de</em></span> <span class='ocrx_word' id='word_1_153' title='bbox 403 1095 529 1140; x_wconf 86' lang='lat' dir='ltr'><em>cuius</em></span> <span class='ocrx_word' id='word_1_154' title='bbox 538 1087 710 1157; x_wconf 85' lang='lat' dir='ltr'><em>studiis</em></span> <span class='ocrx_word' id='word_1_155' title='bbox 713 1085 920 1152; x_wconf 88' lang='lat' dir='ltr'><em>superba</em></span> <span class='ocrx_word' id='word_1_156' title='bbox 947 1085 1218 1135; x_wconf 82' lang='lat' dir='ltr'><em>Graecorum</em></span> <span class='ocrx_word' id='word_1_157' title='bbox 1249 1089 1373 1134; x_wconf 88' lang='lat' dir='ltr'><em>natio</em></span> <span class='ocrx_word' id='word_1_158' title='bbox 1383 1086 1477 1152; x_wconf 82' lang='lat' dir='ltr'><em>sibi</em></span> <span class='ocrx_word' id='word_1_159' title='bbox 1507 1098 1756 1146; x_wconf 81' lang='lat' dir='ltr'><em>temperare</em></span> <span class='ocrx_word' id='word_1_160' title='bbox 1787 1088 1973 1149; x_wconf 86' lang='lat' dir='ltr'><em>nequiit,</em></span> <span class='ocrx_word' id='word_1_161' title='bbox 2005 1087 2112 1149; x_wconf 88' lang='lat' dir='ltr'><em>quin</em></span> <span class='ocrx_word' id='word_1_162' title='bbox 2136 1081 2373 1150; x_wconf 82' lang='lat' dir='ltr'><em>honorifice</em></span> 
     </span>
     <span class='ocr_line' id='line_1_15' title="bbox 143 1146 2373 1223; baseline -0.004 -17"><span class='ocrx_word' id='word_1_163' title='bbox 143 1155 367 1223; x_wconf 77' lang='lat' dir='ltr'><em>sentiret,</em></span> <span class='ocrx_word' id='word_1_164' title='bbox 401 1159 530 1221; x_wconf 86' lang='lat' dir='ltr'><em>inque</em></span> <span class='ocrx_word' id='word_1_165' title='bbox 548 1153 794 1219; x_wconf 66' lang='lat' dir='ltr'><em>sapientia</em></span> <span class='ocrx_word' id='word_1_166' title='bbox 864 1151 1086 1220; x_wconf 80' lang='lat' dir='ltr'><em>rofhffione</em></span> <span class='ocrx_word' id='word_1_167' title='bbox 1114 1156 1384 1218; x_wconf 85' lang='lat' dir='ltr'><em>proximum</em></span> <span class='ocrx_word' id='word_1_168' title='bbox 1405 1155 1500 1218; x_wconf 88' lang='lat' dir='ltr'><em>post</em></span> <span class='ocrx_word' id='word_1_169' title='bbox 1515 1149 1572 1215; x_wconf 75' lang='lat' dir='ltr'><em>se</em></span> <span class='ocrx_word' id='word_1_170' title='bbox 1601 1153 1743 1200; x_wconf 90' lang='lat' dir='ltr'><em>locum</em></span> <span class='ocrx_word' id='word_1_171' title='bbox 1770 1150 2044 1208; x_wconf 79' lang='lat' dir='ltr'><em>concederet,</em></span> <span class='ocrx_word' id='word_1_172' title='bbox 2075 1149 2194 1197; x_wconf 72' lang='lat' dir='ltr'><em>nilut</em></span> <span class='ocrx_word' id='word_1_173' title='bbox 2222 1146 2373 1197; x_wconf 79' lang='lat' dir='ltr'><em>minus</em></span> 
     </span>
     <span class='ocr_line' id='line_1_16' title="bbox 158 1216 2372 1291; baseline -0.005 -17"><span class='ocrx_word' id='word_1_174' title='bbox 158 1238 293 1291; x_wconf 86' lang='lat' dir='ltr'><em>quam</em></span> <span class='ocrx_word' id='word_1_175' title='bbox 324 1223 585 1280; x_wconf 82' lang='lat' dir='ltr'><em>litterarum</em></span> <span class='ocrx_word' id='word_1_176' title='bbox 614 1220 772 1269; x_wconf 88' lang='lat' dir='ltr'><em>rudem</em></span> <span class='ocrx_word' id='word_1_177' title='bbox 829 1223 875 1267; x_wconf 89' lang='lat' dir='ltr'><em>ui</em></span> <span class='ocrx_word' id='word_1_178' title='bbox 912 1234 948 1267; x_wconf 89' lang='lat' dir='ltr'><em>e.</em></span> <span class='ocrx_word' id='word_1_179' title='bbox 1019 1216 1339 1283; x_wconf 78' lang='lat' dir='ltr'><em>Deprehendet</em></span> <span class='ocrx_word' id='word_1_180' title='bbox 1359 1234 1543 1283; x_wconf 87' lang='lat' dir='ltr'><em>quoque,</em></span> <span class='ocrx_word' id='word_1_181' title='bbox 1571 1222 1649 1283; x_wconf 90' lang='lat' dir='ltr'><em>qui</em></span> <span class='ocrx_word' id='word_1_182' title='bbox 1668 1218 1761 1266; x_wconf 77' lang='lat' dir='ltr'><em>ha’c</em></span> <span class='ocrx_word' id='word_1_183' title='bbox 1789 1220 1838 1268; x_wconf 63' lang='grc' dir='ltr'><em>θ’</em></span> <span class='ocrx_word' id='word_1_184' title='bbox 1869 1218 1963 1267; x_wconf 71' lang='lat' dir='ltr'><em>alia</em></span> <span class='ocrx_word' id='word_1_185' title='bbox 1984 1216 2248 1281; x_wconf 72' lang='lat' dir='ltr'><em>iiffecutura’</em></span> <span class='ocrx_word' id='word_1_186' title='bbox 2273 1232 2372 1282; x_wconf 81' lang='lat' dir='ltr'><em>ope·</em></span> 
     </span>
     <span class='ocr_line' id='line_1_17' title="bbox 158 1283 2373 1354; baseline -0.005 -13"><span class='ocrx_word' id='word_1_187' title='bbox 158 1307 228 1341; x_wconf 79' lang='lat' dir='ltr'><em>roe</em></span> <span class='ocrx_word' id='word_1_188' title='bbox 253 1286 528 1353; x_wconf 73' lang='lat' dir='ltr'><em>reservanda</em></span> <span class='ocrx_word' id='word_1_189' title='bbox 557 1303 657 1338; x_wconf 89' lang='lat' dir='ltr'><em>cum</em></span> <span class='ocrx_word' id='word_1_190' title='bbox 683 1289 922 1336; x_wconf 83' lang='lat' dir='ltr'><em>attentione</em></span> <span class='ocrx_word' id='word_1_191' title='bbox 944 1285 1315 1354; x_wconf 70' lang='lat' dir='ltr'><em>perlzfiraverit‚</em></span> <span class='ocrx_word' id='word_1_192' title='bbox 1349 1297 1619 1351; x_wconf 76' lang='lat' dir='ltr'><em>quantopere</em></span> <span class='ocrx_word' id='word_1_193' title='bbox 1648 1285 1806 1350; x_wconf 88' lang='lat' dir='ltr'><em>lingua</em></span> <span class='ocrx_word' id='word_1_194' title='bbox 1838 1287 2007 1350; x_wconf 88' lang='lat' dir='ltr'><em>nostra,</em></span> <span class='ocrx_word' id='word_1_195' title='bbox 2051 1284 2116 1333; x_wconf 89' lang='lat' dir='ltr'><em>ad</em></span> <span class='ocrx_word' id='word_1_196' title='bbox 2143 1283 2373 1349; x_wconf 80' lang='lat' dir='ltr'><em>Moesogo-</em></span> 
     </span>
     <span class='ocr_line' id='line_1_18' title="bbox 158 1349 2377 1423; baseline -0.005 -16"><span class='ocrx_word' id='word_1_197' title='bbox 158 1358 327 1407; x_wconf 78' lang='lat' dir='ltr'><em>thicam</em></span> <span class='ocrx_word' id='word_1_198' title='bbox 358 1368 646 1423; x_wconf 78' lang='lat' dir='ltr'><em>comparata,</em></span> <span class='ocrx_word' id='word_1_199' title='bbox 688 1368 717 1402; x_wconf 90' lang='lat' dir='ltr'><em>a</em></span> <span class='ocrx_word' id='word_1_200' title='bbox 744 1357 971 1420; x_wconf 82' lang='lat' dir='ltr'><em>primaeva</em></span> <span class='ocrx_word' id='word_1_201' title='bbox 987 1350 1082 1416; x_wconf 71' lang='lat' dir='ltr'><em>fisa</em></span> <span class='ocrx_word' id='word_1_202' title='bbox 1106 1350 1371 1417; x_wconf 65' lang='lat' dir='ltr'><em>perfectione</em></span> <span class='ocrx_word' id='word_1_203' title='bbox 1396 1349 1645 1416; x_wconf 70' lang='lat' dir='ltr'><em>desciverit,</em></span> <span class='ocrx_word' id='word_1_204' title='bbox 1687 1361 1836 1415; x_wconf 85' lang='lat' dir='ltr'><em>utpote</em></span> <span class='ocrx_word' id='word_1_205' title='bbox 1866 1355 1914 1400; x_wconf 92' lang='lat' dir='ltr'><em>in</em></span> <span class='ocrx_word' id='word_1_206' title='bbox 1945 1368 2032 1416; x_wconf 89' lang='lat' dir='ltr'><em>qua</em></span> <span class='ocrx_word' id='word_1_207' title='bbox 2063 1367 2108 1400; x_wconf 89' lang='lat' dir='ltr'><em>eo</em></span> <span class='ocrx_word' id='word_1_208' title='bbox 2142 1355 2234 1399; x_wconf 88' lang='lat' dir='ltr'><em>iam</em></span> <span class='ocrx_word' id='word_1_209' title='bbox 2258 1365 2377 1416; x_wconf 28' lang='lat' dir='ltr'><em>per-⁷</em></span> 
     </span>
     <span class='ocr_line' id='line_1_19' title="bbox 159 1414 2374 1492; baseline -0.005 -17"><span class='ocrx_word' id='word_1_210' title='bbox 159 1435 337 1476; x_wconf 85' lang='lat' dir='ltr'><em>ventum</em></span> <span class='ocrx_word' id='word_1_211' title='bbox 370 1426 452 1492; x_wconf 88' lang='lat' dir='ltr'><em>est,</em></span> <span class='ocrx_word' id='word_1_212' title='bbox 487 1434 537 1472; x_wconf 91' lang='lat' dir='ltr'><em>ut</em></span> <span class='ocrx_word' id='word_1_213' title='bbox 565 1427 613 1471; x_wconf 85' lang='lat' dir='ltr'><em>in</em></span> <span class='ocrx_word' id='word_1_214' title='bbox 640 1419 892 1471; x_wconf 82' lang='lat' dir='ltr'><em>nominibus</em></span> <span class='ocrx_word' id='word_1_215' title='bbox 900 1417 1199 1485; x_wconf 75' lang='lat' dir='ltr'><em>fiebflantivis</em></span> <span class='ocrx_word' id='word_1_216' title='bbox 1230 1435 1315 1468; x_wconf 91' lang='lat' dir='ltr'><em>non</em></span> <span class='ocrx_word' id='word_1_217' title='bbox 1333 1414 1488 1482; x_wconf 76' lang='lat' dir='ltr'><em>solum</em></span> <span class='ocrx_word' id='word_1_218' title='bbox 1518 1417 1695 1482; x_wconf 71' lang='lat' dir='ltr'><em>castium</em></span> <span class='ocrx_word' id='word_1_219' title='bbox 1726 1418 1989 1482; x_wconf 66' lang='lat' dir='ltr'><em>discrimina</em></span> <span class='ocrx_word' id='word_1_220' title='bbox 2015 1418 2074 1483; x_wconf 80' lang='lat' dir='ltr'><em>(si</em></span> <span class='ocrx_word' id='word_1_221' title='bbox 2104 1417 2161 1467; x_wconf 92' lang='lat' dir='ltr'><em>ab</em></span> <span class='ocrx_word' id='word_1_222' title='bbox 2191 1434 2277 1466; x_wconf 90' lang='lat' dir='ltr'><em>uno</em></span> <span class='ocrx_word' id='word_1_223' title='bbox 2295 1431 2374 1482; x_wconf 86' lang='lat' dir='ltr'><em>ge-</em></span> 
     </span>
     <span class='ocr_line' id='line_1_20' title="bbox 159 1484 2372 1554; baseline -0.005 -12"><span class='ocrx_word' id='word_1_224' title='bbox 159 1495 305 1542; x_wconf 84' lang='lat' dir='ltr'><em>nitivo</em></span> <span class='ocrx_word' id='word_1_225' title='bbox 338 1488 612 1554; x_wconf 76' lang='lat' dir='ltr'><em>disceſjeris)</em></span> <span class='ocrx_word' id='word_1_226' title='bbox 644 1487 1052 1545; x_wconf 85' lang='lat' dir='ltr'><em>obliteraverimus,</em></span> <span class='ocrx_word' id='word_1_227' title='bbox 1079 1484 1172 1550; x_wconf 71' lang='lat' dir='ltr'><em>sed</em></span> <span class='ocrx_word' id='word_1_228' title='bbox 1199 1491 1359 1541; x_wconf 86' lang='lat' dir='ltr'><em>etiam,</em></span> <span class='ocrx_word' id='word_1_229' title='bbox 1401 1484 1519 1552; x_wconf 87' lang='lat' dir='ltr'><em>quod</em></span> <span class='ocrx_word' id='word_1_230' title='bbox 1552 1488 1755 1541; x_wconf 89' lang='lat' dir='ltr'><em>mireris,</em></span> <span class='ocrx_word' id='word_1_231' title='bbox 1794 1501 1966 1550; x_wconf 89' lang='lat' dir='ltr'><em>genera</em></span> <span class='ocrx_word' id='word_1_232' title='bbox 1998 1500 2132 1550; x_wconf 86' lang='lat' dir='ltr'><em>quam</em></span> <span class='ocrx_word' id='word_1_233' title='bbox 2161 1486 2372 1550; x_wconf 87' lang='lat' dir='ltr'><em>plurium</em></span> 
     </span>
     <span class='ocr_line' id='line_1_21' title="bbox 159 1549 2374 1626; baseline -0.004 -18"><span class='ocrx_word' id='word_1_234' title='bbox 159 1564 418 1626; x_wconf 77' lang='lat' dir='ltr'><em>ignoremus</em></span> <span class='ocrx_word' id='word_1_235' title='bbox 437 1555 563 1621; x_wconf 74' lang='lat' dir='ltr'><em>fere.</em></span> <span class='ocrx_word' id='word_1_236' title='bbox 634 1557 691 1606; x_wconf 87' lang='lat' dir='ltr'><em>In</em></span> <span class='ocrx_word' id='word_1_237' title='bbox 719 1553 968 1612; x_wconf 65' lang='lat' dir='ltr'><em>adiectum,</em></span> <span class='ocrx_word' id='word_1_238' title='bbox 1012 1569 1112 1620; x_wconf 76' lang='lat' dir='ltr'><em>qua·</em></span> <span class='ocrx_word' id='word_1_239' title='bbox 1152 1565 1310 1602; x_wconf 84' lang='lat' dir='ltr'><em>vocant</em></span> <span class='ocrx_word' id='word_1_240' title='bbox 1346 1552 1679 1609; x_wconf 84' lang='lat' dir='ltr'><em>Grammatici,</em></span> <span class='ocrx_word' id='word_1_241' title='bbox 1708 1549 1920 1614; x_wconf 77' lang='lat' dir='ltr'><em>formam</em></span> <span class='ocrx_word' id='word_1_242' title='bbox 1958 1550 2206 1615; x_wconf 68' lang='lat' dir='ltr'><em>abffilutam</em></span> <span class='ocrx_word' id='word_1_243' title='bbox 2239 1568 2267 1600; x_wconf 93' lang='lat' dir='ltr'><em>a</em></span> <span class='ocrx_word' id='word_1_244' title='bbox 2299 1551 2374 1599; x_wconf 89' lang='lat' dir='ltr'><em>de·</em></span> 
     </span>
     <span class='ocr_line' id='line_1_22' title="bbox 160 1616 2375 1693; baseline -0.005 -18"><span class='ocrx_word' id='word_1_245' title='bbox 160 1625 479 1693; x_wconf 83' lang='lat' dir='ltr'><em>monstrativa,</em></span> <span class='ocrx_word' id='word_1_246' title='bbox 512 1638 708 1690; x_wconf 89' lang='lat' dir='ltr'><em>quarum</em></span> <span class='ocrx_word' id='word_1_247' title='bbox 739 1634 977 1686; x_wconf 87' lang='lat' dir='ltr'><em>utramque</em></span> <span class='ocrx_word' id='word_1_248' title='bbox 998 1622 1107 1669; x_wconf 87' lang='lat' dir='ltr'><em>adeo</em></span> <span class='ocrx_word' id='word_1_249' title='bbox 1130 1625 1267 1669; x_wconf 88' lang='lat' dir='ltr'><em>certis</em></span> <span class='ocrx_word' id='word_1_250' title='bbox 1293 1619 1682 1668; x_wconf 82' lang='lat' dir='ltr'><em>terminationibus</em></span> <span class='ocrx_word' id='word_1_251' title='bbox 1707 1633 1793 1683; x_wconf 90' lang='lat' dir='ltr'><em>per</em></span> <span class='ocrx_word' id='word_1_252' title='bbox 1824 1634 1971 1669; x_wconf 89' lang='lat' dir='ltr'><em>omnes</em></span> <span class='ocrx_word' id='word_1_253' title='bbox 1995 1616 2121 1681; x_wconf 75' lang='lat' dir='ltr'><em>casus</em></span> <span class='ocrx_word' id='word_1_254' title='bbox 2142 1618 2375 1685; x_wconf 75' lang='lat' dir='ltr'><em>dssinguit</em></span> 
     </span>
     <span class='ocr_line' id='line_1_23' title="bbox 161 1684 2375 1759; baseline -0.005 -15"><span class='ocrx_word' id='word_1_255' title='bbox 161 1689 493 1759; x_wconf 77' lang='lat' dir='ltr'><em>Ma’sbgothus,</em></span> <span class='ocrx_word' id='word_1_256' title='bbox 535 1707 615 1739; x_wconf 89' lang='lat' dir='ltr'><em>nos</em></span> <span class='ocrx_word' id='word_1_257' title='bbox 648 1693 694 1739; x_wconf 89' lang='lat' dir='ltr'><em>in</em></span> <span class='ocrx_word' id='word_1_258' title='bbox 724 1689 952 1755; x_wconf 86' lang='lat' dir='ltr'><em>plerisque</em></span> <span class='ocrx_word' id='word_1_259' title='bbox 986 1685 1319 1751; x_wconf 89' lang='lat' dir='ltr'><em>confundimus,</em></span> <span class='ocrx_word' id='word_1_260' title='bbox 1370 1688 1421 1738; x_wconf 50' lang='grc' dir='ltr'><em>Εἴ</em></span> <span class='ocrx_word' id='word_1_261' title='bbox 1433 1724 1444 1743; x_wconf 89' lang='grc'>,</span> <span class='ocrx_word' id='word_1_262' title='bbox 1477 1684 1756 1753; x_wconf 77' lang='lat' dir='ltr'><em>sistquatur</em></span> <span class='ocrx_word' id='word_1_263' title='bbox 1785 1701 1958 1742; x_wconf 90' lang='lat' dir='ltr'><em>nomen,</em></span> <span class='ocrx_word' id='word_1_264' title='bbox 1992 1688 2135 1735; x_wconf 59' lang='lat' dir='ltr'><em>olnam»</em></span> <span class='ocrx_word' id='word_1_265' title='bbox 2154 1684 2375 1748; x_wconf 87' lang='lat' dir='ltr'><em>facimus.</em></span> 
     </span>
     <span class='ocr_line' id='line_1_24' title="bbox 161 1749 2376 1819; baseline -0.004 -9"><span class='ocrx_word' id='word_1_266' title='bbox 161 1761 221 1811; x_wconf 88' lang='lat' dir='ltr'><em>In</em></span> <span class='ocrx_word' id='word_1_267' title='bbox 253 1758 402 1808; x_wconf 88' lang='lat' dir='ltr'><em>verbis</em></span> <span class='ocrx_word' id='word_1_268' title='bbox 433 1760 610 1806; x_wconf 90' lang='lat' dir='ltr'><em>numeri</em></span> <span class='ocrx_word' id='word_1_269' title='bbox 639 1762 857 1804; x_wconf 89' lang='lat' dir='ltr'><em>rationem</em></span> <span class='ocrx_word' id='word_1_270' title='bbox 887 1753 1104 1803; x_wconf 82' lang='lat' dir='ltr'><em>habemus</em></span> <span class='ocrx_word' id='word_1_271' title='bbox 1118 1751 1208 1817; x_wconf 78' lang='lat' dir='ltr'><em>sed</em></span> <span class='ocrx_word' id='word_1_272' title='bbox 1234 1769 1350 1801; x_wconf 88' lang='lat' dir='ltr'><em>raro</em></span> <span class='ocrx_word' id='word_1_273' title='bbox 1380 1751 1706 1819; x_wconf 75' lang='lat' dir='ltr'><em>perfhnarum:</em></span> <span class='ocrx_word' id='word_1_274' title='bbox 1739 1751 1932 1801; x_wconf 86' lang='lat' dir='ltr'><em>Modum</em></span> <span class='ocrx_word' id='word_1_275' title='bbox 1963 1754 2284 1801; x_wconf 72' lang='lat' dir='ltr'><em>coniunttivum</em></span> <span class='ocrx_word' id='word_1_276' title='bbox 2317 1749 2376 1801; x_wconf 82' lang='lat' dir='ltr'><em>ab</em></span> 
     </span>
     <span class='ocr_line' id='line_1_25' title="bbox 160 1813 2375 1888; baseline -0.004 -13"><span class='ocrx_word' id='word_1_277' title='bbox 160 1823 404 1876; x_wconf 76' lang='lat' dir='ltr'><em>indicativo</em></span> <span class='ocrx_word' id='word_1_278' title='bbox 420 1821 543 1888; x_wconf 76' lang='lat' dir='ltr'><em>satis</em></span> <span class='ocrx_word' id='word_1_279' title='bbox 575 1838 662 1870; x_wconf 91' lang='lat' dir='ltr'><em>non</em></span> <span class='ocrx_word' id='word_1_280' title='bbox 698 1820 1033 1887; x_wconf 85' lang='lat' dir='ltr'><em>distinguimus,</em></span> <span class='ocrx_word' id='word_1_281' title='bbox 1070 1823 1116 1868; x_wconf 89' lang='lat' dir='ltr'><em>in</em></span> <span class='ocrx_word' id='word_1_282' title='bbox 1148 1823 1318 1884; x_wconf 85' lang='lat' dir='ltr'><em>primis</em></span> <span class='ocrx_word' id='word_1_283' title='bbox 1349 1835 1453 1868; x_wconf 83' lang='lat' dir='ltr'><em>vero</em></span> <span class='ocrx_word' id='word_1_284' title='bbox 1484 1822 1608 1869; x_wconf 81' lang='lat' dir='ltr'><em>illius</em></span> <span class='ocrx_word' id='word_1_285' title='bbox 1638 1831 1811 1883; x_wconf 82' lang='lat' dir='ltr'><em>tempus</em></span> <span class='ocrx_word' id='word_1_286' title='bbox 1843 1813 2147 1885; x_wconf 72' lang='lat' dir='ltr'><em>imperfectum</em></span> <span class='ocrx_word' id='word_1_287' title='bbox 2179 1823 2225 1868; x_wconf 87' lang='lat' dir='ltr'><em>in</em></span> <span class='ocrx_word' id='word_1_288' title='bbox 2251 1834 2375 1884; x_wconf 83' lang='lat' dir='ltr'><em>pau-</em></span> 
     </span>
     <span class='ocr_line' id='line_1_26' title="bbox 163 1883 2376 1962; baseline -0.005 -20"><span class='ocrx_word' id='word_1_289' title='bbox 163 1894 342 1962; x_wconf 82' lang='lat' dir='ltr'><em>ciffimis</em></span> <span class='ocrx_word' id='word_1_290' title='bbox 358 1888 590 1956; x_wconf 83' lang='lat' dir='ltr'><em>superstes</em></span> <span class='ocrx_word' id='word_1_291' title='bbox 615 1884 847 1944; x_wconf 83' lang='lat' dir='ltr'><em>habemus,</em></span> <span class='ocrx_word' id='word_1_292' title='bbox 885 1890 1238 1952; x_wconf 82' lang='lat' dir='ltr'><em>participiorum</em></span> <span class='ocrx_word' id='word_1_293' title='bbox 1264 1903 1367 1934; x_wconf 84' lang='lat' dir='ltr'><em>vero</em></span> <span class='ocrx_word' id='word_1_294' title='bbox 1383 1888 1630 1952; x_wconf 84' lang='lat' dir='ltr'><em>flexionem</em></span> <span class='ocrx_word' id='word_1_295' title='bbox 1660 1883 1914 1953; x_wconf 63' lang='lat' dir='ltr'><em>obsolfiere</em></span> <span class='ocrx_word' id='word_1_296' title='bbox 1933 1883 2035 1951; x_wconf 87' lang='lat' dir='ltr'><em>jam</em></span> <span class='ocrx_word' id='word_1_297' title='bbox 2067 1885 2235 1934; x_wconf 83' lang='lat' dir='ltr'><em>dudum</em></span> <span class='ocrx_word' id='word_1_298' title='bbox 2262 1886 2376 1954; x_wconf 80' lang='lat' dir='ltr'><em>paffi</em></span> 
     </span>
     <span class='ocr_line' id='line_1_27' title="bbox 144 1950 2374 2022; baseline -0.003 -15"><span class='ocrx_word' id='word_1_299' title='bbox 144 1957 324 2022; x_wconf 74' lang='lat' dir='ltr'><em>sumus.</em></span> <span class='ocrx_word' id='word_1_300' title='bbox 394 1958 463 2006; x_wconf 88' lang='lat' dir='ltr'><em>Et</em></span> <span class='ocrx_word' id='word_1_301' title='bbox 495 1956 590 2006; x_wconf 75' lang='lat' dir='ltr'><em>lzaec</em></span> <span class='ocrx_word' id='word_1_302' title='bbox 622 1957 774 2002; x_wconf 89' lang='lat' dir='ltr'><em>omnia</em></span> <span class='ocrx_word' id='word_1_303' title='bbox 808 1954 976 2001; x_wconf 88' lang='lat' dir='ltr'><em>damna</em></span> <span class='ocrx_word' id='word_1_304' title='bbox 1001 1951 1148 2014; x_wconf 83' lang='lat' dir='ltr'><em>fermo</em></span> <span class='ocrx_word' id='word_1_305' title='bbox 1179 1955 1323 2015; x_wconf 83' lang='lat' dir='ltr'><em>noster</em></span> <span class='ocrx_word' id='word_1_306' title='bbox 1340 1950 1456 2015; x_wconf 84' lang='lat' dir='ltr'><em>fecit</em></span> <span class='ocrx_word' id='word_1_307' title='bbox 1483 1951 1543 2001; x_wconf 89' lang='lat' dir='ltr'><em>ab</em></span> <span class='ocrx_word' id='word_1_308' title='bbox 1566 1969 1614 2000; x_wconf 90' lang='lat' dir='ltr'><em>eo</em></span> <span class='ocrx_word' id='word_1_309' title='bbox 1646 1956 1850 2002; x_wconf 82' lang='lat' dir='ltr'><em>maxime</em></span> <span class='ocrx_word' id='word_1_310' title='bbox 1880 1964 2099 2018; x_wconf 82' lang='lat' dir='ltr'><em>tempore,</em></span> <span class='ocrx_word' id='word_1_311' title='bbox 2140 1969 2224 2017; x_wconf 87' lang='lat' dir='ltr'><em>quo</em></span> <span class='ocrx_word' id='word_1_312' title='bbox 2257 1957 2374 2000; x_wconf 80' lang='lat' dir='ltr'><em>revi-</em></span> 
     </span>
     <span class='ocr_line' id='line_1_28' title="bbox 160 2017 2373 2089; baseline -0.004 -14"><span class='ocrx_word' id='word_1_313' title='bbox 160 2022 368 2089; x_wconf 83' lang='lat' dir='ltr'><em>viscentes</em></span> <span class='ocrx_word' id='word_1_314' title='bbox 398 2025 566 2073; x_wconf 67' lang='lat' dir='ltr'><em>littera*</em></span> <span class='ocrx_word' id='word_1_315' title='bbox 599 2023 738 2070; x_wconf 89' lang='lat' dir='ltr'><em>lucem</em></span> <span class='ocrx_word' id='word_1_316' title='bbox 769 2021 841 2068; x_wconf 88' lang='lat' dir='ltr'><em>illi</em></span> <span class='ocrx_word' id='word_1_317' title='bbox 873 2021 923 2070; x_wconf 70' lang='lat'><em>65</em></span> <span class='ocrx_word' id='word_1_318' title='bbox 954 2023 1144 2066; x_wconf 90' lang='lat' dir='ltr'><em>nitorem</em></span> <span class='ocrx_word' id='word_1_319' title='bbox 1174 2017 1362 2081; x_wconf 84' lang='lat' dir='ltr'><em>adferre</em></span> <span class='ocrx_word' id='word_1_320' title='bbox 1393 2017 1648 2085; x_wconf 72' lang='lat' dir='ltr'><em>debutffient.</em></span> <span class='ocrx_word' id='word_1_321' title='bbox 1719 2019 1821 2082; x_wconf 79' lang='lat' dir='ltr'><em>Quo</em></span> <span class='ocrx_word' id='word_1_322' title='bbox 1852 2019 2033 2085; x_wconf 86' lang='lat' dir='ltr'><em>longius</em></span> <span class='ocrx_word' id='word_1_323' title='bbox 2063 2023 2179 2066; x_wconf 81' lang='lat' dir='ltr'><em>enim</em></span> <span class='ocrx_word' id='word_1_324' title='bbox 2212 2037 2241 2068; x_wconf 90' lang='lat' dir='ltr'><em>a</em></span> <span class='ocrx_word' id='word_1_325' title='bbox 2266 2031 2373 2068; x_wconf 89' lang='lat' dir='ltr'><em>tem-</em></span> 
     </span>
     <span class='ocr_line' id='line_1_29' title="bbox 153 2083 2376 2159; baseline -0.004 -18"><span class='ocrx_word' id='word_1_326' title='bbox 153 2107 273 2159; x_wconf 82' lang='lat' dir='ltr'><em>pore</em></span> <span class='ocrx_word' id='word_1_327' title='bbox 303 2089 644 2154; x_wconf 82' lang='lat' dir='ltr'><em>reformationis</em></span> <span class='ocrx_word' id='word_1_328' title='bbox 669 2086 948 2154; x_wconf 81' lang='lat' dir='ltr'><em>regrederis,</em></span> <span class='ocrx_word' id='word_1_329' title='bbox 982 2102 1029 2134; x_wconf 91' lang='lat' dir='ltr'><em>eo</em></span> <span class='ocrx_word' id='word_1_330' title='bbox 1053 2084 1279 2134; x_wconf 86' lang='lat' dir='ltr'><em>illibatam</em></span> <span class='ocrx_word' id='word_1_331' title='bbox 1301 2089 1452 2154; x_wconf 87' lang='lat' dir='ltr'><em>magis</em></span> <span class='ocrx_word' id='word_1_332' title='bbox 1472 2089 1678 2154; x_wconf 85' lang='lat' dir='ltr'><em>linguam</em></span> <span class='ocrx_word' id='word_1_333' title='bbox 1703 2089 1901 2152; x_wconf 72' lang='lat' dir='ltr'><em>mistram</em></span> <span class='ocrx_word' id='word_1_334' title='bbox 1927 2085 2279 2144; x_wconf 83' lang='lat' dir='ltr'><em>animaduertes,</em></span> <span class='ocrx_word' id='word_1_335' title='bbox 2316 2083 2376 2133; x_wconf 58' lang='grc' dir='ltr'><em>ΕΩ*</em></span> 
     </span>
     <span class='ocr_line' id='line_1_30' title="bbox 159 2149 2375 2225; baseline -0.003 -17"><span class='ocrx_word' id='word_1_336' title='bbox 159 2175 206 2208; x_wconf 88' lang='lat' dir='ltr'><em>eo</em></span> <span class='ocrx_word' id='word_1_337' title='bbox 230 2159 486 2225; x_wconf 87' lang='lat' dir='ltr'><em>regularem</em></span> <span class='ocrx_word' id='word_1_338' title='bbox 511 2153 932 2223; x_wconf 87' lang='lat' dir='ltr'><em>grammaticalium</em></span> <span class='ocrx_word' id='word_1_339' title='bbox 959 2150 1346 2216; x_wconf 86' lang='lat' dir='ltr'><em>observantiorem.</em></span> <span class='ocrx_word' id='word_1_340' title='bbox 1403 2154 1484 2202; x_wconf 51' lang='lat' dir='ltr'><em>“Et</em></span> <span class='ocrx_word' id='word_1_341' title='bbox 1517 2154 1618 2202; x_wconf 77' lang='lat' dir='ltr'><em>ltine</em></span> <span class='ocrx_word' id='word_1_342' title='bbox 1640 2149 1815 2209; x_wconf 68' lang='lat' dir='ltr'><em>euenit,</em></span> <span class='ocrx_word' id='word_1_343' title='bbox 1832 2165 1882 2201; x_wconf 90' lang='lat' dir='ltr'><em>ut</em></span> <span class='ocrx_word' id='word_1_344' title='bbox 1908 2157 1986 2218; x_wconf 89' lang='lat' dir='ltr'><em>qui</em></span> <span class='ocrx_word' id='word_1_345' title='bbox 2011 2154 2183 2220; x_wconf 79' lang='lat' dir='ltr'><em>lingua&gt;</em></span> <span class='ocrx_word' id='word_1_346' title='bbox 2214 2157 2375 2217; x_wconf 79' lang='lat' dir='ltr'><em>nostrae</em></span> 
     </span>
     <span class='ocr_line' id='line_1_31' title="bbox 154 2209 2383 2293; baseline -0.004 -17"><span class='ocrx_word' id='word_1_347' title='bbox 154 2237 389 2293; x_wconf 66' lang='lat' dir='ltr'><em>pracepta</em></span> <span class='ocrx_word' id='word_1_348' title='bbox 420 2226 606 2273; x_wconf 84' lang='lat' dir='ltr'><em>tradere</em></span> <span class='ocrx_word' id='word_1_349' title='bbox 637 2219 764 2270; x_wconf 79' lang='lat' dir='ltr'><em>hodie</em></span> <span class='ocrx_word' id='word_1_350' title='bbox 797 2220 1096 2287; x_wconf 83' lang='lat' dir='ltr'><em>aggreditur,</em></span> <span class='ocrx_word' id='word_1_351' title='bbox 1139 2221 1208 2268; x_wconf 88' lang='lat' dir='ltr'><em>nil</em></span> <span class='ocrx_word' id='word_1_352' title='bbox 1232 2235 1365 2286; x_wconf 82' lang='lat' dir='ltr'><em>agere</em></span> <span class='ocrx_word' id='word_1_353' title='bbox 1393 2219 1529 2269; x_wconf 79' lang='lat' dir='ltr'><em>aliud</em></span> <span class='ocrx_word' id='word_1_354' title='bbox 1549 2221 1701 2288; x_wconf 86' lang='lat' dir='ltr'><em>poffit‚</em></span> <span class='ocrx_word' id='word_1_355' title='bbox 1744 2236 1877 2285; x_wconf 87' lang='lat' dir='ltr'><em>quam</em></span> <span class='ocrx_word' id='word_1_356' title='bbox 1890 2221 2176 2287; x_wconf 68' lang='lat' dir='ltr'><em>fignificane,</em></span> <span class='ocrx_word' id='word_1_357' title='bbox 2216 2209 2383 2284; x_wconf 33' lang='lat' dir='ltr'><em>quous-⁷</em></span> 
     </span>
     <span class='ocr_line' id='line_1_32' title="bbox 160 2283 2375 2359; baseline -0.007 -17"><span class='ocrx_word' id='word_1_358' title='bbox 160 2309 241 2359; x_wconf 88' lang='lat' dir='ltr'><em>que</em></span> <span class='ocrx_word' id='word_1_359' title='bbox 271 2296 406 2359; x_wconf 87' lang='lat' dir='ltr'><em>vaga&#39;</em></span> <span class='ocrx_word' id='word_1_360' title='bbox 431 2287 690 2355; x_wconf 69' lang='lat' dir='ltr'><em>confitetudo</em></span> <span class='ocrx_word' id='word_1_361' title='bbox 731 2285 796 2336; x_wconf 88' lang='lat' dir='ltr'><em>ad</em></span> <span class='ocrx_word' id='word_1_362' title='bbox 820 2287 936 2337; x_wconf 73' lang='lat' dir='ltr'><em>ltisnc</em></span> <span class='ocrx_word' id='word_1_363' title='bbox 967 2286 1081 2335; x_wconf 87' lang='lat' dir='ltr'><em>diem</em></span> <span class='ocrx_word' id='word_1_364' title='bbox 1123 2285 1361 2353; x_wconf 67' lang='lat' dir='ltr'><em>progr-effi</em></span> <span class='ocrx_word' id='word_1_365' title='bbox 1387 2288 1470 2354; x_wconf 79' lang='lat' dir='ltr'><em>sit:</em></span> <span class='ocrx_word' id='word_1_366' title='bbox 1514 2288 1723 2337; x_wconf 83' lang='lat' dir='ltr'><em>medelam</em></span> <span class='ocrx_word' id='word_1_367' title='bbox 1756 2303 1861 2336; x_wconf 87' lang='lat' dir='ltr'><em>vero</em></span> <span class='ocrx_word' id='word_1_368' title='bbox 1895 2292 1972 2350; x_wconf 87' lang='lat' dir='ltr'><em>qui</em></span> <span class='ocrx_word' id='word_1_369' title='bbox 2001 2283 2188 2349; x_wconf 76' lang='lat' dir='ltr'><em>adferre</em></span> <span class='ocrx_word' id='word_1_370' title='bbox 2231 2288 2375 2344; x_wconf 57' lang='lat' dir='ltr'><em>vellet,</em></span> 
     </span>
     <span class='ocr_line' id='line_1_33' title="bbox 159 2350 2376 2426; baseline -0.003 -16"><span class='ocrx_word' id='word_1_371' title='bbox 159 2357 248 2426; x_wconf 80' lang='lat' dir='ltr'><em>ipfi</em></span> <span class='ocrx_word' id='word_1_372' title='bbox 267 2362 463 2408; x_wconf 89' lang='lat' dir='ltr'><em>omnium</em></span> <span class='ocrx_word' id='word_1_373' title='bbox 489 2361 690 2406; x_wconf 85' lang='lat' dir='ltr'><em>maxime</em></span> <span class='ocrx_word' id='word_1_374' title='bbox 708 2356 804 2402; x_wconf 88' lang='lat' dir='ltr'><em>alia</em></span> <span class='ocrx_word' id='word_1_375' title='bbox 825 2354 993 2403; x_wconf 88' lang='lat' dir='ltr'><em>medela</em></span> <span class='ocrx_word' id='word_1_376' title='bbox 996 2350 1051 2417; x_wconf 75' lang='lat' dir='ltr'><em>se</em></span> <span class='ocrx_word' id='word_1_377' title='bbox 1072 2354 1272 2420; x_wconf 87' lang='lat' dir='ltr'><em>indigere</em></span> <span class='ocrx_word' id='word_1_378' title='bbox 1290 2355 1538 2419; x_wconf 85' lang='lat' dir='ltr'><em>ostenderet.</em></span> <span class='ocrx_word' id='word_1_379' title='bbox 1604 2354 1700 2403; x_wconf 76' lang='lat' dir='ltr'><em>Sed</em></span> <span class='ocrx_word' id='word_1_380' title='bbox 1717 2352 1794 2402; x_wconf 74' lang='lat' dir='ltr'><em>lioc</em></span> <span class='ocrx_word' id='word_1_381' title='bbox 1812 2369 1895 2401; x_wconf 90' lang='lat' dir='ltr'><em>non</em></span> <span class='ocrx_word' id='word_1_382' title='bbox 1916 2352 2040 2400; x_wconf 81' lang='lat' dir='ltr'><em>nobis</em></span> <span class='ocrx_word' id='word_1_383' title='bbox 2043 2350 2160 2416; x_wconf 86' lang='lat' dir='ltr'><em>solis</em></span> <span class='ocrx_word' id='word_1_384' title='bbox 2178 2354 2342 2403; x_wconf 83' lang='lat' dir='ltr'><em>accidit</em></span> <span class='ocrx_word' id='word_1_385' title='bbox 2357 2372 2376 2403; x_wconf 82' lang='lat'><em>.-</em></span> 
     </span>
     <span class='ocr_line' id='line_1_34' title="bbox 160 2417 2377 2493; baseline -0.002 -17"><span class='ocrx_word' id='word_1_386' title='bbox 160 2425 241 2476; x_wconf 83' lang='lat' dir='ltr'><em>adt&#39;</em></span> <span class='ocrx_word' id='word_1_387' title='bbox 273 2426 455 2493; x_wconf 86' lang='lat' dir='ltr'><em>anglos,</em></span> <span class='ocrx_word' id='word_1_388' title='bbox 492 2426 541 2476; x_wconf 67' lang='lat'><em>65</em></span> <span class='ocrx_word' id='word_1_389' title='bbox 572 2421 741 2474; x_wconf 86' lang='lat' dir='ltr'><em>videbis</em></span> <span class='ocrx_word' id='word_1_390' title='bbox 766 2421 868 2469; x_wconf 86' lang='lat' dir='ltr'><em>illos</em></span> <span class='ocrx_word' id='word_1_391' title='bbox 892 2438 922 2468; x_wconf 85' lang='lat' dir='ltr'><em>a</em></span> <span class='ocrx_word' id='word_1_392' title='bbox 955 2422 1194 2469; x_wconf 83' lang='lat' dir='ltr'><em>Saxonum</em></span> <span class='ocrx_word' id='word_1_393' title='bbox 1220 2421 1427 2486; x_wconf 84' lang='lat' dir='ltr'><em>loquendi</em></span> <span class='ocrx_word' id='word_1_394' title='bbox 1450 2421 1615 2481; x_wconf 52' lang='lat' dir='ltr'><em>laetatae</em></span> <span class='ocrx_word' id='word_1_395' title='bbox 1646 2437 1730 2468; x_wconf 88' lang='lat' dir='ltr'><em>non</em></span> <span class='ocrx_word' id='word_1_396' title='bbox 1749 2421 1897 2468; x_wconf 74' lang='lat' dir='ltr'><em>minus</em></span> <span class='ocrx_word' id='word_1_397' title='bbox 1915 2417 2156 2483; x_wconf 67' lang='lat' dir='ltr'><em>destivg&#39;ffi:</em></span> <span class='ocrx_word' id='word_1_398' title='bbox 2187 2422 2301 2470; x_wconf 84' lang='lat' dir='ltr'><em>idem</em></span> <span class='ocrx_word' id='word_1_399' title='bbox 2321 2422 2377 2471; x_wconf 83' lang='lat' dir='ltr'><em>de</em></span> 
     </span>
     <span class='ocr_line' id='line_1_35' title="bbox 164 2485 2374 2558; baseline -0.002 -16"><span class='ocrx_word' id='word_1_400' title='bbox 164 2492 414 2543; x_wconf 85' lang='lat' dir='ltr'><em>Germanis</em></span> <span class='ocrx_word' id='word_1_401' title='bbox 435 2491 736 2558; x_wconf 80' lang='lat' dir='ltr'><em>pronuntiari</em></span> <span class='ocrx_word' id='word_1_402' title='bbox 761 2491 942 2552; x_wconf 88' lang='lat' dir='ltr'><em>poterit.</em></span> <span class='ocrx_word' id='word_1_403' title='bbox 1012 2487 1108 2535; x_wconf 88' lang='lat' dir='ltr'><em>Sed</em></span> <span class='ocrx_word' id='word_1_404' title='bbox 1128 2486 1277 2536; x_wconf 87' lang='lat' dir='ltr'><em>eadem</em></span> <span class='ocrx_word' id='word_1_405' title='bbox 1310 2485 1404 2535; x_wconf 79' lang='lat' dir='ltr'><em>lia’c</em></span> <span class='ocrx_word' id='word_1_406' title='bbox 1435 2487 1647 2550; x_wconf 85' lang='lat' dir='ltr'><em>exempla</em></span> <span class='ocrx_word' id='word_1_407' title='bbox 1663 2487 1806 2550; x_wconf 84' lang='lat' dir='ltr'><em>simul</em></span> <span class='ocrx_word' id='word_1_408' title='bbox 1834 2487 2013 2543; x_wconf 83' lang='lat' dir='ltr'><em>docent,</em></span> <span class='ocrx_word' id='word_1_409' title='bbox 2057 2485 2226 2546; x_wconf 85' lang='lat' dir='ltr'><em>labem,</em></span> <span class='ocrx_word' id='word_1_410' title='bbox 2274 2505 2374 2555; x_wconf 76' lang='lat' dir='ltr'><em>qua’</em></span> 
     </span>
     <span class='ocr_line' id='line_1_36' title="bbox 161 2551 2377 2627; baseline -0.001 -18"><span class='ocrx_word' id='word_1_411' title='bbox 161 2558 278 2609; x_wconf 77' lang='lat' dir='ltr'><em>hisce</em></span> <span class='ocrx_word' id='word_1_412' title='bbox 301 2559 473 2627; x_wconf 88' lang='lat' dir='ltr'><em>linguis</em></span> <span class='ocrx_word' id='word_1_413' title='bbox 505 2557 688 2615; x_wconf 88' lang='lat' dir='ltr'><em>accidit,</em></span> <span class='ocrx_word' id='word_1_414' title='bbox 716 2555 788 2604; x_wconf 88' lang='lat' dir='ltr'><em>nil</em></span> <span class='ocrx_word' id='word_1_415' title='bbox 806 2553 1043 2620; x_wconf 81' lang='lat' dir='ltr'><em>impedire,</em></span> <span class='ocrx_word' id='word_1_416' title='bbox 1078 2557 1313 2620; x_wconf 84' lang='lat' dir='ltr'><em>quominus</em></span> <span class='ocrx_word' id='word_1_417' title='bbox 1336 2554 1497 2619; x_wconf 85' lang='lat' dir='ltr'><em>pulcre</em></span> <span class='ocrx_word' id='word_1_418' title='bbox 1526 2557 1726 2619; x_wconf 86' lang='lat' dir='ltr'><em>cogitata</em></span> <span class='ocrx_word' id='word_1_419' title='bbox 1747 2553 1977 2620; x_wconf 87' lang='lat' dir='ltr'><em>eleganter</em></span> <span class='ocrx_word' id='word_1_420' title='bbox 2009 2551 2172 2620; x_wconf 69' lang='lat' dir='ltr'><em>fflrre</em></span> <span class='ocrx_word' id='word_1_421' title='bbox 2198 2559 2377 2606; x_wconf 80' lang='lat' dir='ltr'><em>valeant</em></span> 
     </span>
    </p>
   </div>
   <div class='ocr_carea' id='block_1_3' title="bbox 136 2627 2473 2817">
    <p class='ocr_par' dir='ltr' id='par_1_3' title="bbox 136 2627 2473 2817">
     <span class='ocr_line' id='line_1_37' title="bbox 146 2627 363 2694; baseline 0.009 -19"><span class='ocrx_word' id='word_1_422' title='bbox 146 2627 363 2694; x_wconf 73' lang='lat' dir='ltr'><em>fingulae·</em></span> 
     </span>
     <span class='ocr_line' id='line_1_38' title="bbox 136 2743 2473 2817; baseline -0.003 -6"><span class='ocrx_word' id='word_1_423' title='bbox 136 2743 163 2751; x_wconf 29' lang='grc' dir='ltr'><strong><em>χ</em></strong></span> <span class='ocrx_word' id='word_1_424' title='bbox 2264 2756 2308 2817; x_wconf 55' lang='grc' dir='ltr'><em>ς.</em></span> <span class='ocrx_word' id='word_1_425' title='bbox 2341 2757 2375 2804; x_wconf 89' lang='lat'><em>1.</em></span> <span class='ocrx_word' id='word_1_426' title='bbox 2470 2786 2473 2788; x_wconf 88' lang='lat'><em>-</em></span> 
     </span>
    </p>
   </div>
   <div class='ocr_carea' id='block_1_4' title="bbox 219 2902 2383 3012">
    <p class='ocr_par' dir='ltr' id='par_1_4' title="bbox 219 2902 2383 3012">
     <span class='ocr_line' id='line_1_39' title="bbox 219 2902 2383 3012; baseline 0 -69"><span class='ocrx_word' id='word_1_427' title='bbox 219 2905 262 2956; x_wconf 74' lang='lat'><em>²⁴¹)</em></span> <span class='ocrx_word' id='word_1_428' title='bbox 273 2905 412 2997; x_wconf 48' lang='lat' dir='ltr'><em>Cssualis</em></span> <span class='ocrx_word' id='word_1_429' title='bbox 429 2907 526 3012; x_wconf 51' lang='lat' dir='ltr'><em>lglcinjo</em></span> <span class='ocrx_word' id='word_1_430' title='bbox 543 2906 723 3012; x_wconf 46' lang='lat' dir='ltr'><em>qafiQeffist</em></span> <span class='ocrx_word' id='word_1_431' title='bbox 751 2905 855 3002; x_wconf 48' lang='lat' dir='ltr'><em>tlff&#39;lw}</em></span> <span class='ocrx_word' id='word_1_432' title='bbox 870 2908 939 2946; x_wconf 82' lang='lat' dir='ltr'><em>eius</em></span> <span class='ocrx_word' id='word_1_433' title='bbox 961 2903 1020 2959; x_wconf 72' lang='lat' dir='ltr'><em>effi</em></span> <span class='ocrx_word' id='word_1_434' title='bbox 1038 2908 1247 2945; x_wconf 85' lang='lat' dir='ltr'><em>orationem:</em></span> <span class='ocrx_word' id='word_1_435' title='bbox 1272 2905 1422 2945; x_wconf 77' lang='lat' dir='ltr'><em>orationi</em></span> <span class='ocrx_word' id='word_1_436' title='bbox 1438 2916 1553 2945; x_wconf 82' lang='lat' dir='ltr'><em>autem</em></span> <span class='ocrx_word' id='word_1_437' title='bbox 1570 2906 1695 2960; x_wconf 65' lang='lat' dir='ltr'><em>fhi&#39;t‘a,</em></span> <span class='ocrx_word' id='word_1_438' title='bbox 1711 2907 1973 2960; x_wconf 61' lang='lat' dir='ltr'><em>sac&#39;iisawitam,</em></span> <span class='ocrx_word' id='word_1_439' title='bbox 1999 2902 2175 2958; x_wconf 67' lang='lat' dir='ltr'><em>differebat</em></span> <span class='ocrx_word' id='word_1_440' title='bbox 2190 2905 2383 2944; x_wconf 59' lang='lat' dir='ltr'><em>Socrates:</em></span> 
     </span>
     <span class='ocr_line' id='line_1_40' title="bbox 310 2970 1737 3008; baseline 0.002 -11"><span class='ocrx_word' id='word_1_441' title='bbox 310 2970 406 2998; x_wconf 69' lang='lat' dir='ltr'><em>xcero</em></span> <span class='ocrx_word' id='word_1_442' title='bbox 470 2973 493 2997; x_wconf 84' lang='lat' dir='ltr'><em>u</em></span> <span class='ocrx_word' id='word_1_443' title='bbox 509 2974 549 3000; x_wconf 86' lang='lat' dir='ltr'><em>cu</em></span> <span class='ocrx_word' id='word_1_444' title='bbox 564 2990 573 3000; x_wconf 87' lang='lat'>.</span> <span class='ocrx_word' id='word_1_445' title='bbox 639 2974 689 2998; x_wconf 64' lang='grc' dir='ltr'><em>πα</em></span> <span class='ocrx_word' id='word_1_446' title='bbox 722 2989 732 3001; x_wconf 87' lang='grc'><strong>.</strong></span> <span class='ocrx_word' id='word_1_447' title='bbox 792 2974 830 3008; x_wconf 82' lang='grc' dir='ltr'><em>,ι</em></span> <span class='ocrx_word' id='word_1_448' title='bbox 852 2988 861 2999; x_wconf 87' lang='grc'><strong>.</strong></span> <span class='ocrx_word' id='word_1_449' title='bbox 1734 2984 1737 2985; x_wconf 35' lang='lat'><em>⁷</em></span> 
     </span>
    </p>
   </div>
   <div class='ocr_carea' id='block_1_5' title="bbox 186 2852 2368 2874">
    <p class='ocr_par' dir='ltr' id='par_1_5' title="bbox 186 2852 2368 2874">
     <span class='ocr_line' id='line_1_41' title="bbox 186 2852 2368 2874; baseline 0 506"><span class='ocrx_word' id='word_1_450' title='bbox 186 2852 2368 2874; x_wconf 95' lang='lat' dir='ltr'><em> </em></span> 
     </span>
    </p>
   </div>
  </div>
 </body>
</html>
