2473 3380
511 110 734 161 INTER
767 105 1304 160 MOESOGOTHOS
1343 105 1854 159 REPERIUNDIS.
2196 125 2288 177 143

74 225 239 277 tatem?
274 221 424 270 Hodie
455 221 643 280 dicimus
671 220 763 270 bete
789 218 1024 286 wc'z'nskap,
1053 221 1290 266 amicitiam
1320 219 1551 268 declarare.
1623 221 1858 280 Speciatim
1887 235 1990 265 vcro
2011 217 2292 284 etcusuvete-

73 308 174 339 rum
193 303 236 340 te
254 291 320 337 vel
340 302 411 338 tea
437 286 674 350 usurpatur
695 289 745 335 de
765 286 904 335 futuri
925 288 1088 334 indicio
1116 288 1159 333 ἃ
1172 285 1504 352 significatione.
1536 286 1745 355 Hssoria
1763 286 1908 336 Alex.
1929 287 2003 338 M.

352 355 462 405 Tim
482 354 548 404 tik
567 371 665 403 war
685 356 819 421 lango
820 353 969 420 spadt
988 352 1040 403 ok
1061 353 1170 402 tecit.

343 421 479 486 Qod
503 421 581 469 tibi
603 424 688 468 iam
708 422 816 469 olim
838 419 1096 483 praediE’ium
1120 420 1162 468 ὅ(
1184 420 1434 467 nuntiatum
1457 434 1560 473 erat.

272 489 432 536 lslandi
458 491 525 536 tia
548 489 717 537 habent⁴
740 488 850 536 Bibl.
875 488 943 538 Isl.
966 485 1239 535 2Macchab.
1264 502 1331 544 14-
1369 488 1582 536 Nicanor
1604 484 1800 552 tiedefik
1828 485 2184 552 wingiarnligan
2204 486 2298 534 wid

73 554 186 614 Itan,
221 556 433 605 Nicanor
461 552 501 600 se
529 554 608 616 ipfi
627 557 817 602 amicum
837 553 1035 601 ostendit,
1065 555 1163 616 Syr.
1189 559 1262 613 36.
1305 551 1390 601 Tea
1407 554 1487 601 tlzu
1508 551 1608 619 tbig
1627 552 1838 620 herligan
1867 570 1894 600 a
1915 549 2082 608 theim,
2118 550 2292 599 ostende

74 638 114 669 te
137 621 419 684 magnificum
443 638 591 668 coram
616 623 712 667 illis.
784 624 883 667 Nec
903 637 972 666 me
991 616 1083 664 falli
1101 618 1351 675 credidero,
1386 618 1415 665 fi
1442 621 1598 665 eodem
1627 622 1843 681 pertinere
1869 620 2009 666 dicam
2028 616 2291 679 Anglosaxo·

74 690 171 737 nica
189 688 351 753 tywan,
384 701 590 754 atywan,
627 687 869 744 ostendere,
899 701 982 751 ge—
999 683 1131 743 taetlz,
1167 683 1441 733 monstratus.
1508 687 1716 733 Vidimus
1736 686 1823 734 huc
1842 703 1981 745 usque
2002 683 2293 746 Moesogothi·

71 771 167 805 cam
188 773 338 802 vocem
360 755 508 804 teilian
528 752 605 801 sub
625 753 810 815 simplici
832 749 905 797 sua
924 748 1095 810 forma:
1125 748 1318 810 sequitur
1338 752 1441 806 iam,
1470 766 1519 798 ut
1540 768 1813 810 moneamus,
1831 753 1877 797 in
1895 753 1975 799 hac
1993 752 2143 813 lingua
2160 749 2294 815 verba

72 818 368 882 saepenumero
397 838 426 869 n
447 814 687 883 'posteriori
719 817 889 882 syllabae
920 834 1200 878 praeponere,
1238 834 1329 876 quo
1361 814 1456 863 casu
1487 816 1692 878 paffivam
1723 816 1814 864 fere
1841 816 2197 877 significationem
2225 819 2290 863 in-

72 887 226 936 duunt.
246 906 280 938 e.
306 905 349 949 g.
368 907 391 935 a
414 888 612 954 qvssjan,
632 886 825 946 perdere,
846 882 894 930 fit
913 887 1121 950 qvssnan,
1146 884 1303 944 perire,
1331 882 1385 929 ab
1404 882 1610 940 uslukan,
1639 886 1823 943 aperire,
1851 882 2088 940 usluknan,
2116 885 2291 944 aperiri,

71 970 96 1000 a
114 953 252 1011 liban,
273 955 480 1014 linquere,
501 952 623 1012 quod
644 951 929 997 &Alemanni
947 949 1118 1006 habent,
1137 950 1179 996 ὅ(
1200 948 1316 995 unde
1339 948 1499 1003 laibos,
1522 950 1738 1010 reliquiae,
1776 949 1820 994 in
1843 949 1942 997 cod.
1970 966 2061 1009 arg.
2085 946 2291 1013 aflifnan,

71 1017 294 1079 superesse,
325 1038 348 1066 a
370 1019 565 1067 draiban
584 1017 650 1063 vel
669 1015 887 1079 drobjan,
920 1015 1114 1072 turbare,
1143 1015 1372 1070 drobnan,
1407 1015 1598 1073 turbari,
1631 1030 1680 1061 ut
1696 1014 1824 1077 plura
1851 1015 1934 1061 alia
1953 1015 2150 1076 exempla
2176 1013 2292 1063 infra

72 1083 306 1132 adferenda
337 1099 610 1146 praeteream.
657 1082 873 1129 *Fecunda
904 1079 962 1127 est
990 1082 1208 1149 eiugmodi
1237 1083 1600 1129 terminationum
1626 1080 1772 1138 >sermo
1802 1079 1946 1128 noster
1971 1083 2155 1141 patrius,
2222 1084 2290 1128 De

71 1151 319 1212 Anglorum
352 1152 500 1212 lingua
535 1147 695 1196 vetusta
717 1149 759 1196 ἃ
787 1149 1013 1206 hodierna,
1036 1146 1392 1212 videm-observat
1428 1147 1698 1196 dofiiffimus
1728 1151 1844 1214 Lye‚
1885 1150 1931 1194 in
1968 1148 2060 1197 Gr.
2093 1143 2292 1197 Gothica

70 1234 117 1279 p.
137 1217 296 1267 XLlV.
353 1221 402 1264 In
431 1217 618 1263 eundem
639 1215 826 1264 modum
857 1233 880 1261 a
901 1212 1054 1262 teihan
1081 1212 1222 1262 Gothi
1241 1211 1446 1261 formasse
1468 1214 1672 1261 videntur
1699 1215 1904 1271 wilmun,
1934 1215 2134 1276 praedici,
2167 1213 2291 1276 figni-

69 1281 204 1341 ficari,
240 1302 263 1330 a
284 1300 375 1343 quo
396 1284 638 1329 derivatum
658 1281 868 1327 babemus
879 1278 1177 1344 fauratanja,
1214 1280 1266 1327 de
1287 1289 1378 1341 qu'o
1399 1298 1515 1339 mox,
1549 1282 1754 1341 variaque
1772 1281 1852 1328 alia
1871 1300 1895 1328 a
1914 1281 2075 1343 linguis
2096 1281 2290 1342 cognatis

69 1349 299 1400 vindicata.
368 1353 475 1396 Huc
494 1364 604 1395 certe
625 1349 814 1409 pertinet
831 1352 999 1404 zeinon,
1028 1350 1259 1412 graciam,
1292 1348 1435 1405 quod,
1469 1349 1590 1408 apud
1611 1346 1855 1410 Otfria'um
1874 1348 2067 1407 aliosque
2085 1345 2289 1407 frequen-

71 1430 137 1463 ter
157 1416 354 1472 obvium,
378 1416 580 1469 indicare,
601 1412 835 1473 significare
856 1427 998 1469 notat,
1034 1429 1112 1459 nec
1141 1428 1230 1457 non
1262 1412 1376 1472 Belg.
1403 1426 1577 1469 tormen,
1596 1413 1658 1460 id.
1727 1415 1773 1458 Si
1801 1416 1847 1458 in
1870 1413 2049 1471 reliquis
2075 1411 2205 1458 fidem
2227 1410 2289 1458 fe·

70 1498 184 1537 cero,
201 1482 422 1527 vaticinari
441 1496 531 1526 non
548 1478 747 1534 videbor,
765 1477 797 1524 fi
817 1478 959 1524 dicam
980 1478 1035 1524 ad
1054 1478 1235 1525 eandem
1254 1477 1420 1525 tribum
1438 1476 1592 1525 referri
1609 1478 1764 1525 debere
1783 1479 2022 1526 latinorum
2036 1481 2229 1556 tendere,
2245 1480 2292 1525 in

67 1547 249 1594 vocibus
261 1546 670 1614 oslen'do‚portendo,
684 1562 779 1606 quae
789 1562 890 1592 cum
907 1545 1074 1606 vulgari
1081 1544 1284 1592 tendendi
1294 1543 1601 1605 significatione
1611 1545 1739 1607 plane
1750 1545 1861 1592 nihil
1872 1562 2107 1592 commune
2116 1545 2290 1604 habent,

48 1613 141 1660 >hic
169 1630 316 1660 autem
336 1615 394 1660 ita
416 1612 650 1673 quadrant,
687 1627 737 1657 ut
766 1629 862 1673 quae
892 1613 1093 1659 maxime.
1165 1612 1431 1660 Portentum
1462 1611 1632 1673 signum
1653 1611 1733 1669 est,
1769 1629 1859 1672 quo
1881 1609 2027 1673 superi
2054 1609 2203 1658 futura
2223 1613 2288 1658 in·

72 1680 214 1725 dicare
236 1679 534 1733 credebantur,
565 1679 688 1738 quod
706 1679 812 1725 dum
835 1681 892 1724 ita
912 1676 1079 1724 dicium
1099 1678 1216 1724 aiunt
1237 1678 1509 1741 Etymologi,
1539 1678 1660 1738 quod
1680 1696 1816 1739 porro
1837 1678 1995 1735 tendat,
2019 1678 2193 1724 evidens
2215 1676 2288 1735 est,

69 1745 144 1793 illa
162 1746 294 1803 tradi,
329 1763 426 1806 quae
444 1750 569 1796 ἔπη.
582 1743 696 1794 sum.
754 1745 886 1790 Nihil
904 1759 1051 1791 autem
1070 1742 1322 1805 simplicIus,
1343 1745 1384 1791 ἃ
1406 1747 1469 1790 rei
1488 1743 1772 1806 significandae
1790 1745 2129 1802 convenientius,
2155 1761 2289 1804 quam

69 1809 102 1858 fi
129 1812 350 1869 dicamus,
378 1824 592 1877 portenta
618 1811 690 1857 illa
719 1813 963 1865 nominari,
999 1827 1094 1870 quae
1120 1811 1288 1871 aliquid
1316 1812 1508 1858 indicent
1535 1812 1577 1858 ὅτ
1603 1809 1853 1873 significent.
1920 1814 1998 1869 Et,
2027 1829 2080 1858 ne
2099 1811 2286 1870 dubites,

68 1876 256 1940 superest
283 1895 365 1925 vox
390 1895 515 1944 paene
541 1878 690 1925 eadem
723 1879 767 1924 in
795 1879 945 1939 lingua
973 1876 1391 1939 Moesogothorumx
1423 1879 1488 1924 illi
1514 1880 1630 1925 enim
1659 1877 1773 1940 signa
1795 1874 1933 1925 futuri
1953 1876 2287 1941 nuntiafaura·

68 1946 194 2008 tanja
214 1945 501 2007 appellarunt.
523 1949 667 1994 Marc.
684 1960 757 2006 13,
771 1961 851 1994 22.
891 1944 1080 1993 Giband
1095 1943 1292 1994 taiknins
1301 1943 1387 2009 jalz
1393 1943 1679 2009 fauratanja
1698 1945 1759 1994 du
1777 1943 2033 2010 afairzjan,
2049 1946 2152 1992 dant
2170 1943 2286 2006 ligna

70 2009 124 2060 &
139 2026 344 2072 portenta
361 2011 414 2057 ad
438 2009 742 2058 seducendum.
763 2011 867 2074 Joh.
883 2019 926 2068 6,
942 2015 1017 2062 26.
1044 2009 1484 2075 ‘Nissthateifiqlrutlz
1503 2010 1705 2061 taiknins
1722 2012 1804 2076 jab
1812 2008 2106 2076 fauratanja,
2126 2028 2216 2057 non
2235 2026 2286 2058 ut

69 2077 242 2124 videant
260 2075 377 2137 figna
396 2077 436 2123 ὅ(
458 2093 671 2137 portenta.
742 2077 940 2124 Verbum
961 2076 1107 2139 ipsum
1127 2081 1326 2125 occurrit.
1348 2082 1490 2129 Marc.
1518 2092 1682 2141 13‚23.
1756 2076 2137 2145 Saifaurgatailz
2157 2080 2287 2126 izwis

69 2145 244 2201 allata,
276 2159 370 2188 ecce
396 2142 578 2203 praedixi
605 2143 733 2189 vobis
762 2146 925 2195 omnia,
993 2143 1239 2201 Legiorem,
1271 2147 1348 2204 qui
1366 2147 1530 2206 absque
1547 2145 1691 2192 studio
1715 2163 1807 2192 rem
1829 2147 2093 2206 ponderare,
2131 2146 2175 2190 in
2194 2145 2285 2190 ani-

70 2225 196 2255 mum
226 2208 469 2268 induxerit,-
497 2208 678 2263 ulterius
706 2207 929 2255 observare
957 2210 1109 2267 velim,
1145 2213 1210 2256 uti
1250 2208 1526 2257 vocabulum
1542 2214 1735 2271 portenti
1763 2210 1999 2272 disciplinae
2030 2209 2285 2271 aruspicum

68 2276 310 2337 proprium
329 2291 430 2330 erat,
466 2276 523 2322 ita
543 2273 771 2336 probabile
791 2276 942 2333 videri,
975 2275 1019 2321 id
1039 2276 1092 2322 ab
1109 2274 1312 2336 Etruscis,
1357 2277 1526 2323 Celticae
1547 2278 1729 2337 originis
1747 2291 1870 2337 gente
1883 2313 1894 2334 ,
1916 2278 1962 2321 in
1980 2277 2166 2323 latinum
2185 2292 2284 2337 per·

68 2339 243 2390 venisse.
278 2400 283 2405 Ι
312 2341 482 2388 Deinde
507 2339 750 2387 meminisse
778 2341 963 2403 jubebo,
987 2359 1077 2406 por
1095 2342 1218 2398 illud,
1251 2343 1371 2402 quod
1388 2345 1680 2404 praemittitur,
1706 2344 1890 2389 minime
1908 2342 2048 2389 latiale
2069 2340 2174 2403 esse,
2209 2339 2282 2388 sed

69 2409 255 2454 omnino
273 2407 624 2469 peregrinum,&
644 2410 688 2453 ni
709 2404 839 2454 fallor
857 2409 1071 2456 Celticum
1092 2410 1448 2477 Scythicumque.
1494 2408 1723 2456 Habemus
1742 2409 1857 2455 idem
1877 2411 1921 2455 in
1942 2407 2156 2456 vocabulo
2173 2425 2283 2473 por·

69 2477 234 2529 ricere,
270 2475 411 2532 quod,
444 2476 511 2522 uti
537 2473 852 2534 Taubmanyzus
883 2475 937 2522 ad
957 2476 1158 2542 VirgiIii
1175 2476 1364 2528 AEneia'.
1389 2476 1486 2525 Lib.
1499 2479 1555 2525 V.
1567 2490 1677 2536 775.
1695 2474 1950 2523 auE’toribus
1969 2474 2208 2524 Macrobio
2240 2474 2285 2522 &

70 2539 291 2595 Varrone
319 2540 468 2598 docet,
498 2559 548 2588 ex
580 2538 807 2602 disciplina
837 2540 1085 2604 aruspicum
1114 2543 1158 2590 ἃ
1192 2561 1241 2589 ex
1267 2559 1488 2605 praecepto
1506 2541 1770 2605 pontificum
1791 2540 1997 2589 sollemne
2020 2539 2106 2588 fuit
2125 2539 2285 2588 sacrifi-

69 2606 278 2662 cantibus,
313 2606 514 2666 idemque
533 2608 713 2664 notavit,
746 2609 869 2666 quod
889 2610 1126 2670 prolicere,
1163 2611 1495 2657 manumittere:
1521 2610 1637 2656 unde
1648 2613 1868 2674 porricia?
1889 2610 1931 2656 ὅ(
1942 2616 2165 2675 porreHa,
2191 2608 2281 2655 hoc

68 2672 141 2731 est,
169 2671 374 2719 sacrificia
397 2673 441 2718 in
462 2673 590 2719 altare
610 2688 704 2730 aut,
739 2673 769 2719 si
798 2691 822 2720 a
851 2675 1148 2736 navigantibus
1177 2675 1318 2734 fieret,
1355 2677 1399 2721 in
1428 2693 1550 2722 mare
1578 2675 1788 2738 proieEia.
1855 2679 2018 2726 Ricere
2034 2691 2138 2722 vero
2157 2675 2283 2734 quod

70 2739 168 2787 orbi
186 2742 388 2786 Romano
407 2739 579 2800 penitus
600 2740 802 2800 ignotum
823 2739 901 2798 est,
936 2739 1175 2803 agnoscunt
1196 2743 1337 2790 statim
1358 2743 1500 2789 Gothi
1522 2742 1788 2804 Islandique‚
1820 2757 1974 2805 utpote
1993 2742 2154 2803 quibus
2171 2741 2283 2792 reka

69 2804 191 2853 idem
218 2805 348 2867 plane
378 2802 522 2863 sonat,
559 2805 679 2865 quod
705 2807 945 2866 proiicere,
980 2810 1242 2870 propellere.
1313 2808 1438 2859 Reka
1466 2807 1615 2866 thart,
1643 2810 1882 2870 prolicere,
1915 2808 2027 2859 reka
2054 2805 2198 2872 ikaf,
2232 2810 2280 2854 in

70 2888 189 2921 mare
217 2873 514 2936 praecipitare,
542 2871 665 2934 quod
682 2887 732 2919 ex
749 2869 873 2937 Jure
889 2875 1049 2926 Aulico
1065 2876 1261 2928 Norrvv.
1283 2873 1425 2926 adfert
1449 2876 1666 2933 Verelius
1692 2877 1739 2924 in
1764 2876 1946 2928 Indice:
1978 2875 2088 2928 reka
2093 2879 2279 2991 {agam

2139 2960 2166 2990 o
2204 2956 2276 2989 em
