2473 3380
148 148 214 220 a
675 154 1644 213 .Q<EVANGEL1UM

153 293 241 339 27.⁴
266 293 321 323 an
348 273 489 321 aukan
517 275 598 319 an'a
623 267 788 336 walfiu
810 269 861 335 z)
892 270 1050 319 seinan.
1293 283 1372 328 27.
1407 267 1616 316 Adiicere
1641 267 1696 314 ad
1715 265 1924 316 staturam
1944 266 2082 316 suam.

154 358 179 393 α
190 354 236 401 8.
270 342 344 405 jah
363 340 411 387 bi
428 340 597 402 wastjos
624 339 711 398 qha
725 335 991 402 saurgaith.
1020 336 1079 400 a)
1194 333 1196 335 ’
1293 344 1372 391 23.
1407 337 1465 380 Et
1498 334 1550 380 de
1586 333 1768 380 vestibus
1799 351 1877 380 cur
1905 334 2119 396 lugeatis?

154 425 232 468 29.
267 410 312 454 in
338 407 540 454 allamma
561 403 762 454 walthan
784 403 831 464 b)
865 402 1116 451 seinamma.
1293 415 1374 460 29.
1406 403 1456 446 In
1485 400 1609 446 omni
1632 396 1862 460 splendore
1893 399 1986 451 suo.

155 493 234 540 30.
256 472 346 538 jah
366 472 529 521 thamin
548 473 590 530 c)
620 472 736 517 thara
761 471 877 516 ha'wi
911 469 1115 531 haithjoS.
1294 482 1370 529 30.
1404 469 1461 512 Et
1489 466 1701 526 quoniam
1729 463 1900 512 foenum
1931 468 2040 528 agri.

155 557 234 607 31.
267 539 415 589 aithau
432 536 514 605 qhe
533 539 583 597 d)
611 536 841 598 wasjaima.
1294 548 1371 596 31.
1407 535 1498 579 Aut
1527 548 1616 591 quo
1654 540 1734 577 nos
1762 532 2023 580 induemus?

558 625 667 682 Cap.
700 623 808 666 VII:
1696 619 1804 679 Cap.
1845 623 1950 666 VH:

159 709 232 758 13.
266 707 370 739 unte
390 688 514 736 braid
537 688 647 733 daur
675 686 746 748 jah
774 703 895 732 rums
924 687 1051 752 wigs.
1072 683 1116 745 e)
1299 696 1375 743 13.
1411 684 1532 728 Nam
1553 682 1636 728 lata
1654 699 1804 743 porta,
1839 685 1880 730 ἃ
1899 685 2042 747 ampla
2068 688 2151 734 via.

154 762 213 809 ib.
242 757 439 867 maulagaii
468 753 558 801 find
587 754 677 800 thai
705 751 1136 818 inngaleitlzandans
1155 747 1218 815 f)
1296 748 1359 798 ib.
1386 748 1526 795 Multi
1552 745 1651 796 sunt
1679 752 1947 798 introeuntes
1975 769 2056 815 per
2078 768 2189 800 eam.

219 824 333 871 thair
391 837 408 867 t
443 836 521 867 ata.
735 825 737 827 ’

161 907 235 952 15.
255 885 499 953 swethaulz
524 885 586 951 g)
600 882 662 1002 Z.
682 884 818 939 &Su
851 882 1054 932 swethau.
1278 897 1377 943 .15.
1410 884 1547 929 Vere.

157 972 234 1018 27.
263 956 343 1019 jah>
358 972 443 1001 was
469 953 582 1001 drus
625 953 657 1014 )
688 953 724 996 is
753 949 920 997 mikils.
1297 963 1379 1009 27.
1415 950 1471 995 Et
1500 963 1589 995 erat
1615 949 1742 995 ruina
1767 948 1883 996 illius
1914 965 2084 1010 magna.

547 1022 659 1079 Cap.
696 1015 824 1062 VIII:
961 1030 962 1033 ’
1687 1018 1797 1076 Cap.
1843 1018 1966 1061 VIII:

165 1106 203 1138 1.
237 1085 494 1134 laistidedun
524 1081 617 1132 afar
653 1085 792 1130 imma
830 1081 1022 1146 iumjons
1046 1080 1090 1145 i)
1127 1097 1217 1129 ma·
1300 1097 1341 1130 1.
1378 1082 1522 1128 Secuti
1541 1078 1639 1129 sunt
1664 1098 1765 1132 eum
1785 1083 1988 1130 homines
2015 1081 2157 1128 multi.

169 1166 174 1172 '
223 1170 373 1216 nagOS.

2311 1224 2358 1260 2·

210 1340 256 1387 z)
282 1338 338 1373 Ita
355 1337 395 1372 B.
453 1337 507 1372 At
523 1332 568 1381 J.
589 1333 623 1370 ἃ
643 1331 695 1370 St.
716 1330 880 1380 wahstm,
908 1327 1158 1373 vocabulum,
1187 1327 1247 1365 vel
1269 1326 1318 1365 ob
1346 1339 1429 1364 eam
1447 1327 1633 1366 rationem
1659 1327 1931 1376 monstrosum,
1977 1331 2083 1380 quod
2109 1332 2172 1368 vix
2196 1341 2363 1380 pronun-

265 1388 350 1426 tiari
368 1395 491 1436 queat.
520 1383 692 1430 walstus,
720 1384 784 1423 Sv.
805 1381 914 1430 vam,
944 1380 1105 1420 occurrit
1130 1379 1172 1418 in
1193 1377 1278 1417 casu
1302 1379 1482 1430 obliquo,
1516 1381 1610 1421 Luc.
1637 1394 1655 1417 2
1674 1408 1685 1427 ,
1716 1391 1780 1431 52.
1846 1380 1925 1419 Cfr.
1950 1380 2058 1418 Anal.
2092 1380 2196 1432 Ulph.
2222 1379 2313 1421 Diff.
2330 1380 2361 1420 I.

287 1468 298 1481 .
319 1440 405 1478 XV.
426 1438 468 1477 in
487 1446 568 1475 not.

213 1439 328 1545 a)§In
346 1491 456 1530 editis
475 1488 629 1528 effertur
643 1485 844 1539 fizmjaitlz,
871 1485 977 1537 quod
992 1499 1013 1524 a
1030 1498 1116 1524 vera
1141 1484 1302 1523 lectione
1316 1482 1467 1523 recedit.
1520 1484 1702 1536 saurgan,
1736 1482 1869 1537 lugere,
1897 1481 2166 1536 saurgandans,
2200 1482 2363 1537 lugentes,

265 1544 360 1598 Joh.
379 1543 440 1591 16,
459 1555 523 1583 20.
578 1537 1001 1591 Anglo-Sax.Jbrgian:
1028 1535 1323 1588 F1·anc.fi2rgen:
1361 1538 1472 1588 Belg.
1489 1550 1637 1590 zorgen:
1663 1536 1899 1590 Svet.s5rga.
1963 1540 2012 1577 Et
2035 1536 2126 1575 hinc
2152 1535 2280 1583 cessat,
2315 1546 2362 1576 ut

265 1598 421 1651 opinor,
450 1594 617 1634 dubium
631 1593 759 1644 Junii,
786 1591 833 1631 de
853 1589 992 1631 diversa
1013 1591 1158 1630 ratione
1177 1589 1452 1642 orthographiae
1468 1588 1531 1628 τὸν
1545 1590 1700 1643 saurjan
1716 1591 1750 1629 8<
1766 1588 1940 1643 saurgan.
1996 1591 2048 1630 V.
2069 1589 2220 1630 Glossar.
2241 1589 2360 1631 Goth.

293 1663 351 1689 atr.
381 1664 398 1687 2
435 1662 470 1687 2.
497 1662 514 1685 2
577 1676 584 1685 .

210 1703 248 1756 b)
264 1664 340 1742 lita?
349 1703 391 1741 B.
406 1659 543 1740 icch?
553 1659 608 1749 3J.
629 1699 664 1737 ὃ(
681 1696 733 1738 St.
752 1695 886 1735 wultlm
894 1693 1108 1748 seinamma,
1133 1706 1345 1746 utrumque
1361 1696 1492 1736 locum
1515 1695 1653 1736 habere
1675 1693 1810 1748 potest.
1865 1697 1915 1735 V.
1931 1692 2101 1735 AizaleHa
2128 1692 2234 1747 Ulph.
2262 1691 2361 1737 Diff.

262 1757 298 1794 ΙΙ
337 1753 498 1794 Schema
514 1753 669 1792 XXXV.
689 1752 724 1790 ὃ(
742 1750 812 1800 Lye
831 1751 1006 1790 Gramm.
1027 1749 1143 1789 Goth.
1166 1764 1206 1802 p.
1222 1750 1337 1794 XLII.

210 1808 247 1860 c)
273 1809 334 1848 Sic
348 1809 389 1847 Β,
411 1806 522 1845 reue.
576 1805 621 1854 J.
656 1805 691 1843 8<
719 1802 773 1844 St.
786 1801 890 1854 jabai
919 1802 1058 1842 thande.

211 1862 252 1913 d>
273 1860 382 1901 Reste
404 1861 447 1900 B.
466 1860 529 1898 ita.
583 1856 630 1906 J.
652 1858 687 1896 ὃ(
706 1855 761 1897 St.
782 1855 850 1907 qha
867 1855 1067 1906 way‘aima,
1109 1864 1146 1893 at
1169 1853 1279 1893 leffio
1298 1853 1451 1894 Codicis
1478 1853 1530 1894 est
1554 1853 1800 1906 praeferenda,
1838 1855 1980 1905 quippe
2004 1865 2088 1904 quae
2116 1849 2361 1891 confirmatur

262 1924 342 1954 tarn
363 1911 588 1965 praecedenti
604 1923 636 1948 v.
662 1920 724 1957 25.
747 1908 815 1947 ubi
832 1909 1017 1959 legimus:
1048 1906 1312 1960 qhawasjaitlz,
1341 1922 1408 1960 quo
1427 1922 1486 1945 vos
1506 1907 1670 1955 induetis,
1692 1921 1808 1959 quam
1836 1907 2026 1958 analogia:
2054 1905 2118 1958 qhe
2143 1907 2247 1944 enim
2268 1903 2359 1944 sem-

260 1981 327 2019 per
344 1965 395 2004 est
419 1963 518 2003 castis
539 1963 671 2001 tertius
692 1962 751 2000 vel
771 1961 905 2008 sextus,
927 1961 995 2012 qha
1012 1974 1100 1999 vero
1117 1961 1262 2012 primus
1281 1961 1338 1999 vel
1359 1971 1528 2011 quartus.

208 2019 245 2067 e)
271 2018 507 2059 Affentimur
523 2016 652 2060 editis,
682 2015 750 2065 qui
765 2015 873 2063 juxta
889 2023 1070 2064 praecepta
1091 2015 1223 2054 Gram.
1241 2013 1292 2050 ita
1311 2013 1467 2064 legunt3
1495 2022 1674 2052 notamus
1689 2026 1796 2059 vero,
1829 2011 1935 2063 quod
1953 2011 2087 2051 Codex
2103 2009 2238 2050 habeat
2261 2023 2361 2055 ,rums

262 2073 380 2124 wigis,
407 2069 470 2108 sed
496 2071 507 2105 z·
532 2065 679 2106 fortasse
698 2065 857 2117 irrepfit‚
885 2067 1029 2104 incuria
1057 2063 1303 2104 amanuensis.

148 2164 153 2172 .
199 2125 257 2176 f)
283 2126 338 2162 Ita
356 2123 388 2161 C
420 2124 483 2161 Ms
549 2119 653 2158 Editi
685 2119 785 2156 male
809 2116 1118 2170 ingaleitlzandans.
1165 2117 1254 2162 Iun,
1284 2116 1481 2168 geminato
1503 2130 1548 2162 n,
1576 2117 1616 2155 in
1633 2119 1677 2157 L.
1697 2116 1984 2168 Moesogothica
2012 2126 2121 2155 notat
2145 2117 2264 2161 intro,
2300 2113 2361 2152 scd

260 2184 299 2214 in
315 2175 419 2215 idem
438 2172 489 2213 est
510 2185 552 2211 ac
577 2173 616 2210 in
634 2174 672 2210 L.
695 2172 840 2209 Latina.
898 2169 1085 2207 Galcitlzan
1103 2171 1220 2208 varias
1237 2169 1337 2208 subit
1355 2168 1667 2219 fignificationes‚
1699 2171 1744 2208 dc
1762 2170 1901 2220 quibus
1929 2168 2045 2206 confr.
2065 2168 2215 2208 Sti-rnh.
2244 2165 2359 2205 Gloss.

258 2243 295 2281 p.
316 2232 379 2266 60.
436 2226 480 2264 Id
506 2224 682 2263 addimus
696 2233 869 2267 tantum,
899 2221 1004 2272 quod
1029 2221 1104 2259 [eim
1123 2221 1261 2267 Island.
1283 2221 1326 2260 fit
1353 2220 1466 2259 abire.-
1504 2220 1601 2258 Willz
1638 2223 1675 2260 S.
1701 2235 1771 2260 ms.
1799 2235 1829 2260 c.
1850 2232 1912 2266 25.
1930 2220 2000 2270 fer
2016 2218 2130 2270 fizerd
2152 2219 2237 2256 hans
2270 2222 2357 2256 min-

258 2293 378 2333 nung,
404 2292 441 2316 oc
454 2277 554 2316 leitar
569 2277 692 2327 thegar
711 2274 804 2313 brott
827 2274 905 2311 med
914 2303 924 2320 ,
950 2275 1071 2324 accipit
1083 2272 1241 2325 gladium
1255 2273 1332 2324 ,ejus
1349 2275 1539 2324 minnng,
1569 2286 1671 2323 eoque
1688 2285 1822 2324 accepto
1839 2272 1962 2323 statim
1981 2270 2062 2310 abit.
2122 2271 2256 2312 Heims
2269 2274 2357 2311 -Kr.

258 2335 309 2372 T.
332 2346 367 2370 2.
387 2344 424 2382 p.
447 2340 528 2376 315.
558 2328 663 2365 urtho
691 2328 781 2364 their
802 2326 863 2363 tha
880 2325 1023 2363 undam}
1041 2337 1078 2362 at
1094 2325 1202 2372 leym,
1230 2323 1308 2375 ipsis
1324 2323 1516 2361 abeundum
1532 2335 1620 2363 erat.

148 2422 151 2424 .
228 2385 246 2435 )
273 2386 329 2423 Ita
342 2383 439 2422 recte
458 2384 499 2420 B.
521 2393 613 2419 nam
629 2379 705 2418 fine
723 2378 745 2416 Ιι
761 2376 899 2416 suffixo
927 2391 1006 2416 non
1024 2378 1165 2428 legitur
1188 2377 1228 2415 in
1248 2376 1404 2417 Codice.

206 2438 244 2486 h)
271 2439 326 2475 Ita
339 2435 457 2488 probe
472 2436 515 2473 B.
536 2432 643 2471 draus
667 2432 790 2477 enim,
821 2429 926 2481 quod
947 2430 1082 2480 legunt
1098 2429 1145 2479 J.
1167 2430 1200 2467 8(
1229 2426 1279 2466 St.
1299 2428 1351 2467 est
1366 2426 1517 2479 procidis
1540 2429 1658 2466 Marc.
1686 2438 1721 2474 7,
1743 2438 1804 2474 25.
1830 2431 1925 2468 Luc.
1945 2439 1978 2475 ς,
2001 2435 2033 2471 8.
2055 2442 2076 2468 a
2103 2427 2266 2481 driufim,
2301 2441 2356 2467 ca.

257 2488 347 2527 dere.
405 2487 580 2526 Occurrit
596 2485 637 2524 in
660 2483 745 2522 casu
764 2482 922 2533 obliquo
941 2484 1036 2523 LUC.
1061 2495 1094 2529 2,
1120 2493 1176 2529 34.
1199 2480 1245 2518 du
1260 2479 1366 2531 drusa
1373 2480 1444 2531 jah
1463 2476 1635 2531 wssttzffizi,
1670 2483 1707 2517 in
1739 2478 1852 2530 caficm
1878 2479 1922 2520 Εἴ
1940 2479 2249 2532 νψιννεέῖὶοηεηι,
2288 2495 2356 2534 pro

254 2554 332 2593 quo
350 2552 545 2591 perperam
574 2537 623 2586 J.
645 2538 679 2574 ὃ(
700 2538 756 2576 St.
779 2534 826 2572 du
843 2533 977 2584 drusaez'
983 2534 1053 2584 jah
1071 2530 1256 2584 usstaffim:
1292 2533 1338 2573 de
1361 2546 1438 2584 quo
1456 2533 1562 2584 plura
1590 2531 1656 2571 suo
1675 2533 1774 2574 loco.

201 2595 235 2645 i)
259 2595 319 2633 Sic
342 2591 573 2631 restituimus
597 2603 667 2641 ope
687 2587 851 2628 Codicis.
906 2587 1009 2626 Editi
1030 2587 1165 2637 legunt
1192 2586 1344 2636 imqjons.
1398 2586 1522 2624 Vertit
1548 2587 1593 2626 B.
1623 2587 1694 2622 viri
1716 2585 1880 2636 juvenes.
1944 2585 2039 2634 Jmt.
2074 2589 2115 2626 in
2139 2586 2290 2627 Gloffar.
2315 2601 2355 2640 p.

257 2653 347 2691 178.
367 2644 480 2684 affine
502 2642 597 2682 illud
618 2651 725 2693 putat
744 2639 896 2692 fq'ssjugg
913 2640 950 2678 in
958 2638 1160 2691 juggalaud
1176 2637 1473 2691 veljuggaffantlzs·
1488 2639 1569 2676 Luc
1593 2649 1627 2684 7,
1645 2650 1702 2685 14.
1726 2638 1965 2689 Anglo-Sax.
1979 2652 2102 2693 geong,
2114 2646 2237 2692 gingr,
2257 2642 2354 2693 iung.

259 2699 388 2738 Alam.
402 2697 523 2748 jung,
548 2697 582 2735 ἃ
602 2696 662 2734 Sv.
682 2707 767 2746 ung.
829 2695 884 2731 At
908 2692 1042 2731 rectius
1069 2705 1134 2744 per
1163 2691 1313 2728 homines
1347 2690 1507 2742 exponi,
1550 2691 1584 2728 ὃ(
1614 2690 1882 2742 cognationem
1909 2705 1999 2729 cum
2023 2693 2226 2732 latinorum
2244 2692 2354 2741 homo,

261 2750 320 2789 vel
342 2760 386 2788 ut
404 2751 572 2794 Ennius,
597 2748 736 2798 aliique
753 2748 876 2785 Poeta>
896 2745 1064 2796 antiqui,
1103 2743 1220 2782 locuti
1238 2741 1344 2790 sunt,
1385 2742 1525 2789 hemon,
1561 2742 1729 2791 lammis,
1767 2745 1827 2783 vel
1848 2744 1977 2782 hamon
1995 2757 2004 2788 l
2019 2758 2053 2783 v.
2073 2743 2208 2794 Festum
2227 2746 2266 2783 in
2290 2749 2354 2795 v.)

258 2801 395 2842 habere
414 2801 562 2840 videtui·
617 2799 767 2841 Ablatis
785 2798 891 2837 enim
919 2797 1185 2836 terminatione
1201 2796 1353 2834 numeri
1371 2795 1651 2842 multitudinis,
1680 2797 1714 2835 ἃ
1731 2797 1758 2847 j
1782 2795 2029 2843 consonante,
2059 2796 2163 2848 quod
2182 2796 2354 2849 frequen·

223 2864 226 2865 ’
258 2865 317 2894 ter
331 2853 432 2905 apud
454 2856 512 2895 M.
540 2853 684 2894 Gothos
711 2850 985 2903 interponitur,
1023 2861 1191 2888 remanet
1220 2849 1356 2894 inmon,
1404 2848 1467 2887 cui
1493 2847 1687 2888 manifesta
1704 2847 1866 2889 affinitas
1883 2861 1973 2888 cum
1996 2848 2113 2886 hiuma
2131 2850 2189 2888 vel
2214 2849 2356 2889 hiuhma

257 2909 350 2949 Luc.
376 2916 408 2954 1,
438 2917 498 2947 10.
530 2917 591 2954 14,
613 2917 675 2954 25.
696 2903 762 2946 seu
781 2904 929 2956 potius,
958 2912 1021 2952 ut,
1050 2901 1155 2954 quod
1179 2914 1237 2941 res
1256 2900 1331 2951 est,
1356 2900 1502 2948 dicam,
1528 2914 1604 2941 una
1622 2901 1832 2954 eademque
1851 2914 1944 2949 volt,
1983 2901 2071 2941 licet
2087 2900 2206 2942 halitu
2225 2905 2259 2942 ὅ(
2287 2903 2352 2942 fle-

2161 2989 2166 2993 .
2243 2957 2356 2995 xione
