2473 3380
142 189 240 243 ιμ’,
507 164 814 222 DISSERT.
857 164 961 219 DE
1002 162 1262 221 VERBIS
1305 161 1979 242 MOESQGOTHORUM.

275 281 628 349 Dishniupnan‚
661 288 832 346 rumpi.
1033 274 1328 341 dishniupan,
1362 292 1588 338 rumpere.

275 346 581 416 Df'fhrt'tnan,
610 346 760 396 scindi.
1035 341 1306 406 dffkreitan,
1338 339 1547 392 scindere.

273 417 573 486 Dssaurnam
982 440 985 444 -
1031 407 1253 474 dssairan
1285 425 1513 470 rumpere.

276 486 614 552 Fraqzvistnan,
657 477 800 539 perdi,
1011 474 1346 540 ,fraqwistjan,
1379 474 1589 537 perdere.'

279 553 492 606 Fullnan,
527 545 716 608 impleri.
1017 539 1212 607 fulljan,
1244 543 1446 604 implere.

283 617 558 671 Gabatnan,
590 608 822 674 proficere·
1022 607 1172 665 botan,
1207 610 1372 657 iuvare.

281 682 546 749 Gabignan‚
581 675 797 734 ditescere,
1026 692 1051 721 a
1065 674 1253 743 gabigs,
1297 676 1432 724 dives.

285 745 625 804 Gadautlman,
655 744 787 792 mori.
1019 741 1327 807 gadaudoejan,
1363 741 1577 789 occidere.

284 813 586 872 Gadrobnan,
615 809 801 859 turbari.
1021 808 1311 874 gadraiban‚
1344 825 1512 855 vexare.

286 880 575 946 Galzaftnan,
609 877 839 925 adhaerere.
1022 871 1269 941 gallastan,
1302 874 1591 937 prehendere.

286 947 572 1004 Gabatum,
604 943 755 992 sanari.
1021 938 1275 1007 gahailjan,
1306 939 1468 989 sanare.

288 1018 591 1081 Gaqviunan‚
634 1006 849 1058 viviscari.
1015 1013 1281 1076 gaqviwan‚
1320 1009 1482 1055 vivere.

288 1079 630 1148 Gastaurknan,
651 1073 852 1126 arescere,

291 1143 640 1210 Gathawsszan‚
652 1139 851 1195 arescere,
862 1139 987 1191 sitire,
1017 1138 1328 1205 gathaursjan
1342 1175 1354 1195 ,
1385 1137 1551 1187 ficcare,

289 1212 517 1271 Sathnan,
551 1209 744 1257 saturari.
999 1203 1207 1271 fithjan,
1241 1205 1443 1252 saturare.

292 1277 588 1334 διυίηιΙιηαη,
622 1271 876 1322 confortari.
995 1267 1206 1336 swintlzs,
1239 1271 1424 1318 validus·

299 1342 569 1415 Usgeifizan,
603 1339 796 1406 percelli.
1018 1343 1141 1404 usgei
1163 1353 1243 1398 an,
1276 1336 1528 1400 percellere.
1569 1332 1640 1386 iss·
1671 1330 1812 1403 geijfiz
1833 1331 1994 1382 furere.
2018 1345 2060 1382 v,
2090 1330 2232 1381 Marc.
2256 1347 2306 1396 3,
2327 1343 2372 1386 2.

1925 1416 1976 1450 us
2011 1403 2048 1445 ei
2066 1397 2170 1453 aths.

302 1477 373 1531 Us
404 1479 576 1542 suman,
597 1471 782 1530 effundi.
1015 1473 1251 1539 usgjutan,
1288 1468 1526 1519 effundere.
1974 1415 2010 1466 g
2045 1399 2082 1464 f

303 1546 374 1597 Us
406 1549 550 1601 einan,
574 1543 836 1604 germinare.
1018 1541 1217 1605 mkijan,
1252 1534 1470 1602 proferre.

299 1609 558 1668 Usluknan,
591 1608 771 1670 aperiri.
1021 1604 1227 1663 uslukan,
1252 1605 1449 1667 aperire.

300 1680 569 1734 Usmernan,
598 1691 779 1722 rumore
799 1669 980 1721 differri.
1023 1673 1273 1736 usmerjan,
1309 1669 1544 1732 divulgare,

304 1744 540 1800 PVaknan,
574 1737 822 1803 expergisci.
1025 1737 1231 1802 wakjan,
1265 1738 1465 1785 excitare.

306 1809 552 1870 Wilman,
585 1804 855 1856 sanssificari.
1034 1803 1235 1868 veihan,
1276 1800 1554 1850 sanfflficare.

368 1916 437 1962 De
462 1912 582 1959 hisce
612 1907 819 1957 omnibus
846 1904 1068 1968 sequentia
1092 1908 1136 1953 in
1164 1902 1408 1953 transcursu
1433 1916 1640 1951 annotare
1661 1900 1842 1952 iuvabit.
1909 1903 1945 1951 Ῑ.
1968 1902 2037 1950 Ad
2057 1902 2248 1964 primam
2278 1919 2380 1952 con-

168 1983 440 2049 iugationem
460 1994 508 2025 ea
526 1974 751 2025 referenda
769 1972 866 2029 esse,
901 1971 974 2020 sed
995 1973 1040 2019 id
1057 1973 1275 2034 peculiare
1295 1970 1464 2027 habere,
1485 1970 1864 2030 quemadmodum
1887 1966 2130 2016 observavit
2154 1970 2250 2020 Ed.
2272 1973 2383 2033 [ἦκ’

168 2055 218 2101 in
239 2050 407 2101 Gram.
424 2041 634 2100 Gothico,
654 2041 776 2102 quod
798 2042 843 2086 in
860 2042 1090 2102 praeteritis
1109 2054 1307 2085 naturam
1327 2038 1556 2083 imitentur
1573 2036 1813 2083 verborum
1834 2037 1879 2081 in
1897 2051 1950 2082 on
1970 2033 2266 2092 desinentium,
2287 2054 2325 2085 e.
2338 2054 2380 2098 g.

169 2113 485 2187 gadrobnoda,
512 2106 817 2170 diskritnoda.
854 2121 897 2155 2.
920 2105 1043 2165 quod
1064 2106 1109 2151 in
1126 2105 1397 2166 imperativis
1418 2104 1552 2148 tcrtiae
1572 2103 1893 2163 coniugationis
1915 2098 2107 2148 formam
2127 2099 2382 2161 sequanturz

173 2203 211 2232 Ε·
231 2201 270 2246 g·
296 2177 541 2245 afdumbn,
572 2175 669 2229 filet
703 2170 886 2229 uslukn»
920 2173 1113 2232 aperire,
1149 2176 1318 2227 ἔΦφσιθαί.
1392 2184 1434 2229 3.
1468 2169 1664 2215 Eandem
1688 2167 1928 2215 verborum
1958 2169 2309 2215 terminationem
2335 2170 2380 2214 in

173 2249 345 2298 filiabus
366 2247 525 2306 linguae
544 2240 745 2287 Gothicae
771 2236 1010 2293 observari,
1045 2252 1147 2282 cum
1174 2235 1249 2280 illo
1277 2249 1421 2280 tamen
1443 2232 1691 2281 discrimine
1718 2235 1763 2280 in
1791 2234 1938 2295 lingua
1961 2234 2168 2280 islandica
2188 2235 2229 2280 ὅ(
2250 2238 2381 2281 Sueo·

174 2315 349 2380 gothica
362 2349 372 2369 ,
408 2308 530 2371 quod
551 2307 605 2354 ab
624 2302 846 2354 adiefi'civis
865 2300 956 2349 fere
975 2299 1246 2358 formentur,
1279 2301 1321 2347 ὃ(
1340 2298 1647 2361 significatione
1667 2300 1944 2360 aequivaleant
1963 2299 2106 2345 latinis
2136 2301 2179 2344 in
2191 2296 2263 2361 sco
2283 2298 2383 2347 defi.

175 2379 390 2436 uentibus,
420 2393 459 2427 e.
479 2392 520 2437 g.
544 2391 568 2422 a
570 2372 674 2441 stel,
708 2370 892 2431 rigidus,
924 2366 973 2414 fit
975 2369 1137 2436 statua,
1165 2363 1384 2427 rigescere,
1419 2383 1441 2412 a
1454 2363 1617 2428 smart,
1650 2368 1788 2426 niger,¹
1817 2363 1865 2410 fit
1871 2361 2099 2427 smartna,
2133 2363 2383 2426 nigrescere,

174 2464 226 2497 ut
253 2449 482 2494 innumera
504 2441 589 2488 alia
605 2450 873 2500 praeteream.
939 2435 1122 2480 Tertius
1142 2431 1316 2489 modus,
1348 2449 1438 2490 quo
1459 2432 1602 2478 Gothi
1625 2429 1828 2492 paffivam
1857 2428 2215 2490 significationem
2234 2430 2383 2479 afflvis

177 2515 412 2569 adiiciunt,
447 2506 527 2565 est,
561 2503 681 2566 quod
707 2502 824 2548 hisce
842 2516 1092 2561 pronomen
1095 2498 1168 2562 fik
1186 2495 1433 2554 amemur,
1468 2498 1526 2543 ita
1549 2501 1656 2544 Luc.
1676 2500 1720 2553 6,
1739 2505 1815 2552 18.
1887 2496 2094 2562 Quemun
2115 2495 2288 2561 hailjan
2295 2496 2384 2562 fik,

179 2593 402 2634 venerunt,
434 2590 484 2625 ut
501 2571 764 2620 sanarentur.
836 2563 1112 2632 Galqfimfik
1132 2562 1522 2626 congregabantur.
1543 2565 1681 2610 Marc.
1698 2578 1743 2625 4,
1771 2577 1813 2612 ι.
1852 2560 2190 2630 Gawsfidastk,
2209 2563 2382 2612 vestitus
2407 2570 2410 2573 ’

179 2662 284 2697 erat.
315 2642 481 2692 Matth.¹
503 2646 546 2695 6,
567 2650 648 2693 29.

381 2723 517 2768 Hisce
544 2720 634 2765 iam
657 2712 1001 2778 generalioribus
1017 2708 1264 2774 praemissis:
1300 2709 1391 2773 ipsa
1418 2710 1657 2758 verborum
1675 2711 1973 2773 paradigmata
1998 2711 2220 2770 dabimus,
2252 2713 2385 2774 idque

184 2793 267 2848 ita,
299 2805 349 2837 ut
375 2790 445 2844 id,
478 2783 600 2847 quod
618 2784 809 2846 primam
831 2781 1182 2841 coniugationem
1204 2777 1321 2834 sistit,
1357 2780 1507 2838 exigua
1534 2795 1635 2824 cum
1662 2780 1966 2825 immutatione
1991 2796 2040 2824 ex
2069 2776 2387 2830 Grammatico

190 2853 388 2911 Gothica
405 2851 666 2918 Hickgfiana
681 2845 1057 2896 transscribamus:
1085 2844 1270 2891 alterum
1288 2861 1392 2890 vero
1413 2845 1454 2890 ὅ(
1472 2846 1648 2891 tertium
1668 2844 1893 2901 addamus,
1922 2846 2058 2891 citatis
2081 2843 2244 2904 ubique
2263 2846 2386 2905 locis,

187 2923 267 2972 ubi
287 2920 438 2968 eadem
454 2919 521 2964 vel
539 2915 683 2964 affinia
702 2916 748 2960 in
769 2914 916 2962 codice
936 2926 1138 2975 argenteo
1157 2911 1450 2959 inveniuntur.
1519 2914 1605 2958 Pro
1621 2911 1878 2959 testimoniis
1898 2925 2022 2957 erunt
2043 2911 2248 2973 exempla,
2277 2930 2386 2972 quae

188 2987 366 3054 singulis
391 3000 546 3052 eorum
568 2983 866 3042 adiungemuS.
1232 3024 1239 3028 .
1513 3000 1516 3001 ⁷
2268 2982 2384 3026 Con-
