2473 3380
167 131 268 187 276
666 125 794 179 SPE
795 125 1029 179 CIMEN
1059 124 1436 179 GLOSSARII
1470 128 1889 185 ULPHILANI.

168 234 300 305 Afar
317 236 405 285 alio
425 233 546 286 sensu
565 241 757 297 occurrit
790 242 896 292 Luc.
922 256 960 298 1,
984 251 1023 300 ς.
1055 238 1131 286 ubi
1150 255 1202 287 us
1220 236 1334 302 afar
1350 239 1516 305 abijins
1536 244 1828 290 communiter
1847 243 2028 290 vertitur
2046 238 2098 290 de
2117 236 2375 291 vice'Abiae.

240 308 356 352 Cum
375 321 479 351 vero
502 306 547 353 in
568 306 728 368 linguis
747 308 938 367 cognatis
955 322 1036 352 vox
1062 305 1210 352 eadem
1226 312 1510 371 progeniem,
1535 311 1836 375 posteritatem
1854 309 2048 366 denotet,
2081 307 2284 355 credibile
2305 305 2377 364 est,

240 370 352 436 afar
377 371 476 417 heic
499 371 655 419 eodem
677 370 796 418 sensu
824 369 956 418 sumi.
999 371 1167 417 Scilicet
1190 370 1350 434 asora,
1384 370 1567 436 eafora,
1599 374 1743 434 Anglo
1773 377 1997 431 Saxonice,
2032 376 2073 421 ἃ
2093 373 2230 429 abar,
2264 371 2378 420 aba·

237 453 299 487 ra
316 435 384 485 vel
404 452 552 485 auara
565 438 946 504 Francice‚filium
963 436 1031 482 vel
1044 438 1217 502 prolem
1238 437 1457 498 fignificat,
1479 439 1532 486 ab
1559 436 1730 502 afaran
1751 442 1888 495 exire,
1921 443 2151 502 emigrare.
2188 437 2268 489 cfr.
2286 439 2380 489 Hi·

242 503 351 567 ckqfi
368 501 469 549 thei]
492 506 535 548 in
557 519 694 564 gram.
714 503 856 563 Anglo
876 506 915 550 S.
935 519 984 564 p.
1012 518 1030 550 I
1045 516 1122 567 32.
1156 501 1277 569 Jun.
1296 506 1340 549 in
1361 522 1488 558 voce,
1519 506 1561 551 ἃ
1579 509 1672 572 Lye
1691 506 1744 552 ad
1763 506 1877 555 Luc.
1906 520 1944 562 1,
1970 520 2009 566 5.

173 566 442 634 Afdailjmz,
473 585 575 615 cum
593 569 741 628 aliquo
760 570 938 629 partiri,
966 566 1136 629 afdela.
1170 572 1268 616 vide
1286 568 1398 617 infra
1418 572 1558 623 dasls..
1592 588 1712 633 parS.

173 634 455 700 Afdzmfflai,
487 635 704 696 languidi,
736 633 902 681 viribus
920 632 1110 692 defeffl„
1131 638 1351 697 originem
1372 635 1505 683 refert
1523 656 1611 684 non
1632 638 1685 683 ad
1714 638 1785 694 α’ὅ,
1813 652 1862 684 ut
1890 637 2059 699 putavit
2076 635 2272 702 Junius,
2306 637 2381 686 sed

239 703 294 748 ad
310 701 479 762 daujan
493 737 505 757 ,
539 701 661 760 quod
676 699 845 761 stupere
864 699 1130 761 fignificaffe,
1166 720 1216 748 ex
1233 702 1393 761 linguis
1413 707 1605 765 cognatis
1626 704 1855 755 concludo,
1921 702 2100 750 Islandis
2122 706 2289 767 quippe
2306 706 2381 764 da,

238 767 340 815 teste
362 769 546 819 Verelto
567 782 687 813 notat
705 769 841 812 animi
864 766 1135 826 deliquium,
1168 771 1299 834 ligga
1320 776 1333 815 ι’
1353 771 1458 830 dai,
1492 770 1733 830 deliquium
1756 774 1863 830 pati.
1928 772 2054 817 Swet.
2074 771 2210 819 risina.
2282 773 2382 820 Da-

225 832 322 898 foe,
354 831 532 881 aussore
551 833 829 880 Gudmundo
847 834 1051 891 Andreae,
1086 833 1311 896 stuporem
1333 837 1525 883 denotat.
1557 854 1595 887 v.
1623 837 1701 883 lex.
1722 838 1794 883 lsl.
1834 853 1879 897 p.
1910 852 1982 896 5:.
2016 835 2126 899 dofric'
2145 835 2384 884 secundum

238 902 454 957 eundem,
487 898 547 946 est
573 898 728 960 stupor
761 898 1092 955 membrorum,
1135 903 1275 964 dofin,
1303 900 1598 962 *stupefhauQ
1638 904 1799 948 dicitur
1825 905 1954 948 etiam
1984 901 2037 947 de
2064 903 2267 949 membro
2295 919 2384 950 tor-

238 983 385 1030 pente.
443 967 540 1012 Pari
568 965 706 1011 modo
734 966 779 1011 in
807 965 956 1026 lingua
984 968 1276 1028 Sueogothica
1305 985 1485 1023 manus,
1531 987 1627 1030 quae
1654 986 1744 1029 prae
1770 972 1939 1029 rigore5
1982 983 2054 1014 aut
2083 970 2183 1014 alias
2212 967 2384 1017 sensum

239 1030 407 1089 amisit,
440 1032 601 1078 dicitur
618 1028 780 1094 dofna,
812 1030 1016 1093 dzgfiverz,
1050 1033 1276 1094 languida,
1312 1036 1480 1096 inepta3
1515 1036 1616 1093 dos,
1649 1035 1828 1080 auribus
1848 1052 2019 1096 captus,
2054 1032 2225 1085 surdus.
2283 1037 2386 1085 Dci-

241 1101 310 1164 lig
342 1100 491 1144 animo
512 1096 689 1152 debilis,
724 1098 920 1157 ineptus,
954 1114 1152 1156 quocum
1182 1102 1383 1160 apprime
1411 1103 1626 1162 conspirat
1656 1116 1777 1146 vetus
1808 1102 1915 1146 illud
1939 1100 2154 1147 Oscorum
2186 1103 2385 1160 dalivus'‚

243 1164 364 1224 quod
390 1160 563 1209 fatuum
587 1164 769 1211 notavit.
804 1168 919 1222 Aug.
947 1162 1078 1226 άοίζγ.
1115 1166 1307 1214 Hibero.
1334 1166 1499 1231 doing,
1532 1170 1665 1214 idem.
1702 1168 1862 1215 lsland.
1890 1170 2080 1233 a'mfilg,
2118 1166 2195 1219 cfr.
2223 1172 2384 1216 Heims

238 1234 316 1279 ΚΥ.
337 1230 478 1277 Tom.
499 1231 534 1277 Ι.
553 1245 601 1289 p.
624 1244 733 1290 297.
768 1244 855 1276 var
861 1227 967 1291 fatt
987 1245 1149 1278 manna
1168 1247 1195 1278 a
1225 1231 1380 1279 bimam
1396 1248 1413 1279 .·
1444 1231 1581 1281 thottz'
1607 1229 1762 1282 lzonom
1791 1234 2007 1300 a'mfitgc,
2043 1250 2162 1280 erant
2182 1239 2311 1295 pauci
2338 1237 2386 1282 in

241 1297 341 1343 vico
361 1294 538 1341 residui:
575 1294 618 1340 id
640 1295 702 1340 illi
722 1293 838 1341 triste
857 1295 1101 1345 videbatur.
1137 1294 1218 1346 cfr.
1239 1299 1495 1345 Graecorum
1515 1308 1678 1351 δίιλαιος.
1744 1301 1791 1344 N
1798 1298 1839 1344 ifi
1858 1299 2088 1362 hypothefi
2108 1303 2238 1348 nimis
2257 1300 2386 1349 inser·-

242 1364 334 1409 vire
355 1361 548 1417 viderer,
583 1361 635 1407 ad
656 1361 835 1407 eandem
856 1357 1069 1409 familiam
1088 1362 1326 1411 latinorum
1347 1364 1505 1413 debtlis
1524 1363 1755 1422 referrem,
1787 1368 1910 1412 cuius
1932 1367 2085 1412 ultima
2107 1383 2205 1428 pars
2238 1369 2315 1416 ilis
2330 1367 2387 1415 ad

244 1430 600 1476 terminationem
618 1430 830 1490 pertinet,
862 1446 885 1474 a
905 1428 1032 1476 nobis
1051 1430 1306 1491 explicatam
1330 1434 1373 1477 in
1392 1433 1511 1478 citata
1534 1429 1811 1493 praefatione,
1844 1435 1938 1493 pari
1961 1435 2127 1480 ratione
2153 1450 2200 1480 ac
2228 1434 2281 1481 ab
2301 1451 2390 1502 ago

244 1494 295 1542 fit
319 1495 482 1561 agilis,
515 1512 540 1540 a
553 1493 708 1558 factm,
727 1492 909 1558 facilis,
945 1495 1028 1545 διε.
1086 1499 1189 1543 Hoc
1208 1513 1350 1544 autem
1373 1499 1495 1558 quod
1516 1499 1604 1545 dixi
1623 1497 1889 1545 vocabulum
1909 1497 2090 1556 debilis,
2124 1500 2241 1546 idem
2259 1503 2391 1563 plane

246 1561 306 1609 est
326 1579 373 1608 ac
391 1561 654 1608 Islandicum
673 1559 763 1624 dos.
783 1560 926 1629 dqfin,
962 1579 1010 1609 ac
1029 1559 1265 1625 usurpatur
1282 1565 1335 1610 de
1354 1564 1556 1612 membro
1575 1564 1628 1611 ad
1648 1564 1849 1611 obeunda
1869 1564 2104 1614 ministeria
2124 1563 2197 1613 sua
2216 1569 2391 1631 inepto:

216 1640 218 1642 ’
246 1627 301 1675 fic
321 1628 472 1675 debilis
493 1626 703 1690 pedibus,
738 1628 1028 1689 manibusque
1049 1628 1207 1676 dicitur
1227 1630 1379 1687 latine,
1414 1633 1481 1678 cui
1502 1631 1698 1678 membra
1718 1630 1810 1678 haec
1834 1630 2021 1693 stupent.
2088 1631 2257 1682 Daubs
2281 1651 2392 1694 quo-

249 1712 334 1754 que
362 1711 411 1741 ut
437 1694 492 1740 ad
522 1692 841 1755 Moesogothica
872 1695 1068 1750 redeam,
1104 1696 1223 1755 quod
1251 1699 1442 1744 occurrit
1474 1699 1627 1746 Marc.
1653 1706 1696 1754 8,
1733 1709 1804 1759 17.
1848 1697 2079 1760 usurpatur
2105 1698 2158 1745 de
2183 1701 2393 1748 cordibus

247 1770 524 1820 πιπωςωμέιοις,
554 1761 598 1806 h.
619 1777 657 1808 e.
682 1757 802 1806 sensu
825 1760 1084 1816 carentibus,
1113 1762 1151 1808 δι
1177 1763 1228 1808 ad
1248 1764 1542 1824 recipiendam
1564 1765 1755 1811 divinam
1777 1767 1958 1825 gratiam
1978 1767 2150 1826 ineptis.
2184 1763 2266 1819 cfr.
2286 1770 2396 1818 dau·

247 1820 396 1880 bitho,
434 1825 669 1876 induratio.
704 1827 858 1876 Marc.
880 1841 925 1888 3,
949 1841 993 1884 5.
1014 1827 1055 1874 ὅ(
1067 1827 1357 1893 gadaubida,
1392 1829 1625 1877 induravit.
1657 1829 1768 1895 Joh.
1794 1843 1866 1889 12,
1884 1845 1951 1892 40
1986 1831 2030 1879 ὅ(
2053 1838 2126 1889 16,
2145 1840 2189 1880 6.

181 1886 490 1956 Asdauthjan,
520 1893 661 1946 mori,
695 1890 951 1941 interficere.
994 1896 1106 1942 Svet.
1128 1895 1207 1950 do,
1241 1894 1357 1941 doda
1403 1892 1482 1946 cfr.
1512 1894 1692 1946 dautht.

181 1954 384 2024 Asdobn,
419 1954 689 2014 obmutesce,
724 1959 848 2018 quod
859 1959 1009 2010 Marc,
1031 1976 1065 2021 4
1099 1975 1178 2021 39.
1214 1958 1418 2008 scribitur
1436 1959 1672 2024 afdumbn,
1692 1959 1774 2012 cfr.
1793 1959 1992 2024 superius
2012 1960 2173 2023 dosncae,
2203 1965 2324 2024 quod
2346 1967 2390 2014 ὅ(

248 2023 411 2072 domna
432 2022 613 2077 dicitur,
650 2041 698 2069 ex
724 2040 811 2083 qua
831 2024 940 2071 adeo
963 2025 1376 2072 voce'diverfimode
1403 2028 1595 2088 prolata.
1632 2046 1797 2090 perque
1818 2026 2006 2075 diversos
2029 2028 2198 2088 ἆυίὶυε,
2221 2032 2387 2094 profiu·
2460 2029 2464 2032 ’

248 2106 346 2138 xere
367 2088 511 2135 nostra
536 2086 640 2152 dos,
670 2086 850 2147 surdus,
884 2091 926 2138 ὅτ
947 2090 1078 2149 dum,
1111 2108 1282 2150 mutus,
1314 2110 1504 2152 quorum
1525 2095 1657 2142 ambo
1659 2092 1795 2158 fitfic
1818 2094 2000 2145 debilem
2020 2111 2188 2146 notant.

180 2156 450 2222 Afdomjan,
483 2157 794 2213 condemnare,
829 2157 1108 2211 maledicere,
1144 2155 1259 2205 refer
1282 2160 1336 2206 ad
1364 2159 1564 2225 domjan,
1598 2163 1751 2212 doma.

180 2223 487 2290 Afdrausjan‚
516 2224 795 2283 praecipitare.
831 2241 870 2273 v.
898 2225 1134 2290 drausjan.
1177 2225 1238 2275 id.

180 2291 356 2358 Asnam,
387 2305 588 2335 voracem
610 2287 690 2334 esse
704 2321 715 2343 ,
752 2290 857 2341 Luc,
878 2305 922 2350 7,
945 2306 1019 2353 34.
1053 2310 1076 2338 a
1098 2292 1310 2352 particula
1329 2290 1530 2341 intenfiva
1548 2290 1612 2358 af
1619 2294 1685 2341 vel
1705 2291 1769 2359 vif
1776 2295 1913 2357 (apud
1934 2296 2079 2358 Anglo
2097 2297 2282 2348 Saxones
2301 2300 2391 2362 ple·

244 2358 343 2403 nius
360 2355 546 2416 exprimi
565 2353 687 2402 solita
706 2353 844 2418 oster)
864 2358 906 2404 ὅτ
925 2361 1008 2406 ἄτα
1022 2394 1033 2415 ,
1067 2359 1204 2406 edere.
1236 2362 1348 2407 Svet.
1366 2357 1517 2422 ofdsa,
1554 2363 1669 2411 Kon⁴
1694 2360 1886 2429 Sc‘yrilst:
1907 2380 1951 2424 p.
1976 2369 2055 2424 84.
2087 2360 2272 2415 hwilkaz
2290 2365 2389 2417 Ku-

243 2437 400 2488 nungr
416 2422 511 2469 alla
531 2418 845 2488 Hbfdingefik
859 2433 988 2489 gome
1006 2423 1162 2489 eijfc‘ir
1182 2419 1309 2488 ofc'z'ta
1328 2429 1378 2472 ok
1397 2425 1619 2487 ofdriltko,
1655 2426 1744 2475 Ιιαη
1772 2430 1954 2475 wan-der
1981 2429 2144 2479 otdkkr
2172 2434 2235 2496 af
2252 2436 2388 2484 allom

239 2492 403 2556 godam
424 2490 473 2536 ol<
489 2491 670 2535 witrom
690 2502 911 2539 mannent.
964 2493 993 2539 i.
1014 2511 1053 2541 e.
1075 2493 1308 2552 interprete
1328 2493 1417 2540 Bw
1432 2509 1499 2548 eo,
1534 2511 1605 2541 rex
1626 2496 1700 2553 qui
1720 2512 1808 2540 non
1827 2512 1942 2541 cavet
1960 2494 2036 2542 fibi
2055 2514 2077 2543 a
2098 2497 2198 2547 cibo
2219 2503 2260 2548 ἃ
2277 2517 2389 2563 potu

243 2556 387 2602 nimio
402 2591 412 2610 ,
448 2552 496 2600 fit
517 2554 761 2614 inamabilis
782 2557 990 2604 omnibus
1009 2558 1163 2620 probis
1184 2558 1225 2604 ἅ
1246 2555 1522 2619 sapientibus⁴
1579 2560 1838 2621 Anglo-Smt.
1860 2561 2014 2608 eodem
2047 2560 2166 2610 sensu
2188 2567 2388 2615 dixerunt

243 2620 417 2684 oferd't,
450 2619 493 2666 ὅτ
513 2618 819 2682 oferdrinean.
878 2627 944 2671 De
965 2624 1177 2686 particula
1200 2625 1270 2670 illa
1293 2623 1362 2688 of,
1398 2622 1516 2687 oster
1542 2628 1584 2672 in
1607 2625 1850 2674 transcursu
1876 2645 2057 2675 monere
2086 2629 2231 2691 liceat,
2267 2634 2387 2682 illam

245 2690 503 2735 Graecorum
524 2698 606 2748 cm'g
623 2703 703 2748 per
723 2691 870 2736 omnia
898 2693 1175 2752 exprimere5
1208 2707 1364 2752 utpote
1391 2708 1487 2751 quae
1511 2690 1734 2740 adieffivis
1762 2692 1989 2754 verbisque
2018 2698 2231 2756 ptarmiss'a
2260 2698 2390 2747 exces-

244 2751 340 2802 sum
359 2754 405 2798 in
421 2770 467 2799 re
484 2751 710 2814 fignificat,
743 2770 791 2800 ut
809 2758 1065 2818 affsga‘yasu,
1088 2757 1279 2809 nimium
1303 2757 1467 2817 bonus,
1506 2766 1732 2820 ὖπεςωλγέυ,
1771 2761 1926 2807 acriter
1946 2761 2098 2820 doleo,
2125 2769 2292 2826 ὅπεςρίη,
2323 2767 2386 2813 vis

247 2819 433 2867 modum
455 2819 671 2868 excedens,
696 2819 776 2866 &c.
2090 2837 2094 2840 ·
2181 2830 2185 2832 “

182 2882 382 2952 Affalht‚
408 2882 687 2945 abscondisti,
722 2902 765 2937 v.
786 2887 831 2934 in
838 2880 1021 2953 fulgin.
1048 2950 1050 2953 y
2337 2961 2383 3027 f

703 2970 708 2974 .
2307 2967 2341 3010 Α
2372 2992 2387 3001 -
