2473 3380
285 97 393 153 DE
423 94 686 153 CODICE
712 92 1027 154 ARGENT.
1053 97 1161 151 ET
1181 97 1548 154 LITTERAT
1580 98 2039 157 MOESOGOTH..
2158 104 2278 169 ‘187

194 212 371 260 Divisus
390 212 476 261 fuit
494 227 611 260 totus
629 212 702 259 hic
723 213 893 271 Codex,
926 212 1046 273 quod
1066 212 1185 259 idem
1202 213 1249 258 in
1267 212 1475 274 plurimis
1496 226 1691 260 veterum
1721 211 2029 277 manuscriptis
2051 213 2274 266 observare

59 278 172 335 licet,
203 279 270 341 (ὅτ
303 282 414 326 inter
440 279 547 325 alios
578 281 621 324 in
643 280 792 326 codice
827 296 967 341 graeco
998 294 1190 339 quatuor
1217 281 1566 341 evangeliorum,
1599 296 1690 325 non
1717 278 1967 340 spernendae
1995 285 2275 344 antiquitatis,

59 362 191 405 quem
220 344 354 392 servat
371 345 636 392 bibliotheca
654 343 938 407 Upsaliensis,
977 348 1169 406 quique,
1203 346 1327 404 quod
1355 347 1401 392 in
1427 343 1669 393 transcursu
1697 346 1911 404 monebo,
1943 345 2158 396 scribendi
2186 368 2275 398 me-

55 412 196 458 thodo
220 411 541 473 Moesogothica
571 411 687 458 haud
708 429 867 473 parum
894 411 1044 459 similis
1069 411 1180 472 est,)
1214 413 1260 456 in
1292 414 1620 472 quaterniones,
1655 412 1789 472 idque
1818 414 1900 469 ita,
1936 428 1986 459 ut
2013 415 2055 460 in
2086 431 2275 464 extrema

56 479 218 539 pagina
247 480 372 525 index
399 477 629 524 cuiuslibet
648 478 837 525 litterula
857 479 1072 524 numerali
1100 490 1272 524 notatus
1300 476 1365 527 fir.
1433 482 1554 542 Jam,
1604 479 1726 537 quod
1755 475 1967 525 intaElum
2000 484 2276 541 praetermitti

57 561 149 590 non
186 544 333 601 debet,
376 545 597 605 evangelia
624 542 759 602 sacra,
801 545 985 605 perinde
1013 561 1060 591 ac
1088 545 1134 588 in
1160 543 1310 588 codice
1337 561 1478 604 graeco
1496 551 1550 599 {ca
1587 543 1853 605 ‘abrigiensL
1889 562 2020 604 quem
2050 548 2096 593 iu
2124 550 2277 596 ceteris

56 627 236 669 quoque
260 608 421 657 referre
441 610 676 657 versionem
697 609 1082 672 Moesogothicam
1097 645 1107 665 ,
1140 608 1226 669 jam
1247 610 1422 668 pridem
1445 609 1685 656 observavit
1711 607 1904 660 Thomas
1929 610 2275 676 Marefihallut,

54 677 101 722 in
124 681 241 723 notis
264 678 330 726 ad
345 677 533 726 codicem
553 689 843 743 argenteum,
875 693 925 737 p.
945 685 1063 737 484.
1097 675 1140 720 &
1165 674 1267 719 alias
1296 672 1538 736 saepissime)
1569 693 1622 722 eo
1650 676 1806 722 ordine
1836 677 1889 724 ab
1917 677 2116 743 Ulplzila
2141 681 2275 729 collo-

52 758 146 789 cata
178 739 324 800 fuere,
359 758 408 791 ut
433 745 633 804 primum
661 744 813 790 locum
833 742 1074 790 obtinuerit
1094 735 1378 798 Matthaeus,
1411 742 1597 789 alterum
1619 739 1879 806 Jolzamzes,
1897 747 2093 793 xtertium
2110 746 2274 807 Lucas,

50 808 96 856 <Sc
111 809 312 860 Marcus
337 812 565 859 ultimum.

188 877 437 924 Monstrant
458 877 504 923 id
524 875 576 923 ad
596 873 837 936 quamlibet
855 876 1060 936 paginam
1081 871 1262 920 subiesti
1282 889 1467 921 canones
1499 872 1770 933 harmonici,
1803 876 1851 926 in
1876 875 2037 939 quibus
2064 877 2157 930 haec
2174 895 2276 931 con-

51 939 164 992 stans
183 942 309 991 series
329 941 603 998 observatur,
639 958 689 988 ut
707 944 752 988 in
773 954 888 989 textu
911 940 1160 1002 evangelico
1181 938 1401 991 Matthoei
1418 939 1668 1003 sequantur

317 1014 352 1060 Ι.
387 1007 641 1074 Johannes,
709 1011 762 1059 ΙΙ.
799 1008 967 1058 Lucas.
1034 1006 1114 1059 111,
1158 1008 1368 1059 Marcus,²

51 1077 103 1122 In
134 1078 372 1139 Evangelio
401 1072 637 1141 Johannis

60 1160 66 1163 ¹
319 1147 355 1192 Ι.
388 1145 551 1194 Lucas.
618 1144 679 1192 ΙΙ.
715 1141 929 1192 Marcus.
996 1142 1078 1190 111.
1112 1137 1388 1191 Manlia-us.

50 1210 103 1254 In
135 1208 374 1272 Evangelio
420 1212 558 1259 Lucoe

316 1280 351 1328 1.
383 1278 593 1329 [starem.
659 1276 714 1323 11.
747 1270 1020 1325 Matthaeus.
1089 1275 1168 1327 111.
1195 1269 1449 1339 Jolzannes.

45 1343 100 1391 In
133 1344 372 1406 Evangelio
407 1346 568 1393 Marci

317 1413 352 1458 Ι.
385 1407 657 1460 Matthoeus.
725 1410 784 1456 ΙΙ.
817 1403 1072 1472 Johannes.
1139 1409 1221 1456 ΙΙΙ.
1255 1405 1423 1457 Lucas.=

186 1477 262 1522 Ne
280 1491 384 1524 vero
403 1477 566 1524 codicis
594 1475 638 1522 &
668 1476 931 1536 paginarum
955 1474 1072 1520 ordo
1101 1473 1373 1531 turbaretur,
1422 1467 1687 1518 amanuensis
1715 1471 2022 1531 quaterniones
2054 1475 2273 1536 quoslibet

49 1539 204 1589 litteris
222 1542 542 1598 numeralibuS,
576 1543 641 1589 uti
658 1542 768 1599 dixi,
804 1554 1050 1598 notaverat,
1084 1557 1281 1601 quorum
1300 1540 1484 1602 plurimi
1508 1554 1610 1585 cum
1629 1552 1753 1598 parte
1780 1535 1912 1599 ipsius
1942 1538 2045 1587 libri
2072 1559 2162 1590 non
2181 1560 2273 1608 po-

49 1621 173 1655 tuere
193 1625 283 1653 non
306 1607 586 1664 intercidisse,
623 1609 702 1667 qui
729 1625 833 1655 vero
854 1606 1010 1654 residui
1028 1605 1147 1667 sunt,
1178 1607 1278 1654 heic
1295 1607 1549 1655 afferentur.
1616 1605 1868 1655 Invenimus
1889 1602 2048 1658 scilicet

119 1676 171 1720 In
204 1675 441 1737 Evangelio
476 1671 698 1723 Matthaei
833 1674 933 1727 Fol,
1008 1688 1086 1735 14.
1187 1675 1248 1722 G.
1323 1676 1403 1723 111.
1653 1679 1655 1683 ’

113 1741 168 1789 In
199 1741 439 1807 Evangelio
471 1738 703 1809 Johannis
837 1737 875 1790 f.
997 1753 1074 1801 33.
1165 1743 1241 1791 IE.
1308 1743 1406 1789 XV.

835 1803 866 1854 f
961 1821 1070 1855 101.
1110 1809 1235 1870 ΙΨ).
1304 1808 1420 1853 XVI.

824 1870 863 1921 f.
955 1879 1064 1935 187.
1154 1877 1232 1924 ΙΖ.
1300 1875 1438 1920 XVII.

838 1937 877 1988 f.
979 1953 1061 1998 79.
1139 1943 1228 1990 ΙΗ.
1297 1939 1459 1994 XVIII.

832 2002 872 2054 f.
974 2019 1056 2068 73·
1087 2009 1219 2054 ITH.
1287 2008 1401 2057 xlx,

830 2066 870 2123 f.
945 2085 1053 2136 117.
1164 2077 1216 2122 K.
1284 2075 1382 2121 XX.

829 2134 865 2189 f.
939 2149 1050 2200 125·-
1128 2143 1217 2191 KB.
1283 2140 1419 2186 xxn.

824 2200 863 2251 f.
936 2218 1044 2265 14¹·
1109 2208 1206 2253 KD.
1274 2205 1430 2251 XXIV.

822 2266 859 2322 f.
930 2284 1039 2335 149.
1115 2274 1205 2323 ΚΕ.
1271 2272 1408 2318 XXV.

1199 2342 1250 2385 rA
1272 2355 1297 2384 a
1334 2352 1364 2385 2
2076 2335 2132 2387 F.
2173 2334 2267 2400 1'57

50 2136 104 2188 In
137 2139 377 2203 Evangelio
411 2138 550 2190 Luta

156 2483 268 2509 unum
282 2470 471 2523 proferam
495 2468 710 2523 exemplum,
740 2483 757 2509 e
775 2484 841 2523 quo
861 2470 1018 2525 liquebit,
1045 2472 1186 2511 minime
1211 2469 1272 2510 hoc
1286 2469 1449 2523 sermone
1477 2468 1612 2509 Gothos
1634 2485 1688 2510 eos
1705 2469 1779 2522 rfivs
1797 2471 1876 2525 effi,
1903 2472 1966 2525 qui
1991 2469 2097 2509 Italos
2122 2469 2267 2509 latinam

156 2521 311 2575 linguam
327 2522 570 2566 dedocuerunr.
601 2522 666 2563 lah
683 2524 829 2563 merida
849 2525 1051 2577 qvithands
1071 2524 1235 2577 qvimith
1252 2524 1450 2564 svinthoza
1466 2522 1572 2563 missa
1593 2523 1668 2563 afar
1683 2526 1758 2563 mis
1777 2526 1892 2566 thizei
1910 2525 1950 2565 ik
1967 2525 2007 2563 ni
2021 2524 2078 2562 im
2095 2523 2266 2563 wairthts

159 2575 452 2617 ananheiwands
481 2575 702 2617 andbindan
731 2575 946 2632 scandat-aip
972 2578 1082 2619 scohe
1109 2579 1160 2626 is,
1195 2576 1238 2617 id
1259 2576 1332 2625 est,
1365 2590 1398 2616 et
1415 2575 1631 2628 praedicabat
1656 2576 1788 2616 dicens:
1819 2581 1931 2617 veniet
1943 2576 2086 2627 fbrtior
2109 2588 2163 2614 me
2182 2575 2266 2628 pest

155 2641 230 2675 me,
257 2630 352 2667 cuius
379 2642 437 2681 ego
463 2642 532 2666 non
557 2628 633 2675 firm
663 2629 787 2683 dignus
804 2630 1062 2685 procmnhendo
1079 2630 1216 2683 fhlvere
1243 2632 1430 2683 corrigiam
1457 2628 1672 2668 calceamenti
1694 2632 1776 2668 eius.
1829 2631 1899 2669 Hic
1924 2628 2124 2669 suinthoza
2146 2628 2269 2676 missa,

157 2680 248 2719 idem
264 2680 311 2732 est
334 2680 570 2731 qnodfortior
592 2695 657 2720 me.
712 2682 872 2731 Bareas,
912 2686 980 2737 qui
1006 2698 1073 2736 per
1097 2684 1342 2736 evangelium
1368 2682 1452 2721 heic
1478 2681 1575 2722 forte
1594 2681 1797 2721 Gothicam
1823 2683 2109 2735 evangeliorum
2136 2681 2266 2722 vei-fio·

160 2747 252 2773 nem
271 2735 312 2772 in
339 2746 478 2785 genere
505 2734 670 2786 intelligi
694 2735 962 2786 arbitrabatur,
988 2739 1024 2776 ὅ(
1050 2737 1130 2778 haec
1146 2737 1326 2786 Johannis
1344 2733 1514 2787 Baptista:
1539 2735 1652 2774 verba
1680 2736 1783 2786 apud
1801 2736 2018 2773 Matthaeum
2042 2735 2155 2773 citato
2179 2734 2266 2775 loco

157 2799 354 2827 occurrere
373 2787 619 2834 meminerat,
649 2787 760 2826 illum
774 2790 956 2841 appofiiit,
977 2803 1102 2842 quum
1117 2790 1275 2828 Becanns
1294 2799 1424 2829 tamen
1441 2786 1590 2827 versum
1614 2788 1820 2841 septimum
1846 2789 1977 2840 capitis
1995 2787 2112 2839 primi
2128 2787 2264 2837 Marci,

141 2841 229 2894 ,qui
261 2839 452 2891 hodieque
477 2837 656 2891 superstes
686 2838 758 2887 est,
792 2842 1032 2890 indicaverit,
1069 2853 1115 2883 ut
1141 2840 1321 2894 inspenio
1347 2840 1466 2880 codicis
1490 2843 1644 2894 argentei
1670 2841 1881 2892 quemlibet
1904 2840 2060 2881 edocere
2075 2841 2268 2892 potuerit.

157 2895 207 2932 Et
222 2904 398 2945 praeterea
419 2892 513 2938 1641
537 2893 579 2931 C.
599 2895 647 2932 A.
666 2891 986 2938 nondum'noster
1004 2896 1092 2940 fuit.
1146 2897 1233 2938 Hoc
1251 2907 1431 2944 monere,
1458 2906 1479 2937 e
1495 2907 1535 2934 re
1559 2892 1683 2942 visum
1707 2893 1806 2946 fuit,
1830 2908 1880 2936 ne
1903 2893 1952 2936 ad
1976 2892 2146 2934 eundem
2171 2894 2264 2948 lapi·

156 2945 290 2999 pidem
304 2945 465 3000 posthaec
484 2946 677 3001 quispiam
705 2945 891 3003 offendat,
1144 2963 1151 2969 *
