2473 3380
582 122 684 174 DE
723 120 1311 173 LINGUA-CODICIS
1347 118 1745 170 ARGENTEL·
2171 123 2277 172 26t.

39 267 68 294 ,‚
106 247 292 292 rentur,
325 250 377 283 ac
396 233 510 284 libri
528 238 775 299 antiquitus
786 230 962 301 stripti
979 234 1163 300 planati
1191 237 1364 299 pumice
1383 230 1704 297 restribentur.
1765 230 1824 274 Ita
1847 227 2024 288 quidem
2050 228 2130 276 has
2157 229 2270 276 litte-

41 338 66 359 „
104 321 169 349 ras
190 302 419 363 descriptas
439 302 612 348 exhibet
635 307 888 350 li’tcinartus
921 304 962 347 in
992 301 1299 363 elegantifsima
1322 300 1549 366 Gregorii
1575 296 1836 360 Turonevfis
1856 295 2070 352 editione,
2103 298 2180 356 qui
2198 296 2270 342 de-

42 405 67 425 „
107 370 204 415 inde
227 371 329 414 alias
359 370 516 414 hurum
546 370 789 416 litterarum
819 365 985 414 formas
1013 386 1061 413 ex
1080 369 1291 415 Almoino
1314 366 1487 428 profert
1514 367 1555 411 in
1579 365 1622 428 §
1652 367 1706 412 ΙΙ.
1736 361 1991 424 appendicis
2019 378 2141 413 novae
2166 361 2271 408 libri

43 468 69 492 ‚‚
107 434 205 480 sexti
229 437 278 480 de
304 453 347 480 re
370 434 598 494 diplomat,
623 453 742 481 nova?
766 436 984 491 editionis,
1007 436 1063 480 ita
1083 450 1226 479 tamen
1244 471 1254 490 ‚
1289 450 1339 486 ut
1357 434 1467 480 hanc
1489 432 1713 497 Gregorii
1733 427 1968 476 leffionem
1988 426 2068 473 esse
2087 428 2129 475 ἃ
2146 444 2269 475 vetu-

42 538 66 558 ‚,
104 500 320 547 stissimam
343 502 589 556 arbitretur,
661 506 744 547 Hm
775 517 918 547 antem
952 501 1101 546 litterae
1132 502 1176 545 in
1206 500 1354 546 codice
1381 515 1585 561 argenteo
1613 510 1869 551 occurrunt,
1903 512 1993 541 uno
2021 523 2044 542 a
2073 508 2267 554 excepto,

44 603 68 624 „
102 570 223 625 cuius
255 565 445 613 formam
479 586 697 627 nusquam
729 568 890 613 ibidem
915 565 1156 613 observavi.
1225 569 1324 628 Jam
1358 584 1460 612 vero
1486 577 1522 625 ψ
1551 583 1636 626 pro
1661 581 1711 612 ae
1742 562 1992 623 diphtongo
2020 561 2270 608 adhibitum

42 669 67 692 „
104 631 230 679 fuiss‘e
252 637 319 678 vix
343 635 548 680 credibile
571 635 649 680 est:
689 632 953 693 transpofitis
977 650 1080 692 ergo
1102 633 1325 677 elementis
1347 631 1418 679 tlte
1442 634 1592 693 primo
1624 632 1722 677 loco
1744 629 1975 690 legendum
1997 644 2133 689 puto,
2170 642 2268 688 quae

41 736 66 757 ,,
104 701 242 746 littera
275 703 316 745 in
348 703 495 747 codice
523 717 726 762 argenteo
758 716 841 761 pro
872 701 990 746 [[16ιά
1014 700 1169 744 Graeco
1198 696 1456 758 usurpatur:
1490 698 1549 749 Z
1570 716 1673 744 vero
1703 697 1819 743 idem
1849 695 1981 741 codex
2007 691 2268 755 frequentat,

41 803 65 824 ‚,
101 785 184 828 pro
205 782 288 826 qaia
313 768 451 812 littera
471 769 545 816 Ze
567 772 607 811 in
630 769 786 828 primis
810 767 1034 839 Gregorii
1053 764 1276 811 codicibus
1301 763 1513 824 scriptum
1542 762 1666 810 tuisse
1686 764 1895 817 arbitror,
1931 759 2168 809 secundum
2198 777 2268 806 or-

43 870 68 890 „
104 834 202 879 dine
228 837 265 879 e<
286 834 383 879 loco
405 851 565 879 temere
588 850 777 880 motum.
848 829 1050 894 Superest
1071 831 1273 876 nonnihil
1302 829 1564 877 difficultatis
1596 833 1637 875 in
1671 832 1808 877 littera
1837 847 1889 885 Δ,
1927 846 2056 888 quam
2091 828 2159 873 his
2187 827 2269 873 ele-

42 937 67 957 „
105 902 263 945 mentis
283 904 373 956 uui,
391 900 615 963 Gregorii
637 903 769 945 edisio
791 901 1012 958 exprimit.
1083 900 1292 942 Litteram
1314 895 1435 953 sane,
1472 915 1567 958 quae
1590 906 1680 942 vim
1704 897 1858 942 habeat
1879 897 2009 941 huius
2032 894 2123 941 soni
2146 892 2269 954 signi·

44 1003 70 1023 ,‚
105 965 284 1022 ficandi,
321 962 546 1027 argenteus
567 967 699 1023 codex
725 968 872 1021 habet,
909 981 1041 1025 quam
1065 965 1190 1009 initio
1212 961 1403 1009 secundae
1425 965 1649 1024 petitionis
1671 964 1880 1008 orationis
1902 963 2133 1007 dominicae
2154 963 2270 1005 inve·

43 1069 69 1090 „
106 1036 218 1088 nies,
256 1032 325 1078 etfi
360 1031 453 1077 eam
484 1050 562 1092 per
596 1033 782 1078 litteram
815 1033 864 1098 Q
889 1048 1144 1093 perperam,
1190 1032 1234 1074 ni
1256 1026 1409 1088 fallor,
1448 1033 1488 1076 in
1517 1028 1703 1076 legiione
1731 1027 1968 1089 expressam
1998 1028 2141 1077 video,
2212 1032 2270 1071 At

45 1136 68 1156 ‚,
106 1099 212 1146 olim
233 1104 383 1145 zet-'usai
406 1098 565 1144 leffium
590 1096 713 1144 fuisse
737 1100 906 1145 videtur
922 1136 931 1154 ,
969 1096 1102 1144 craffo
1125 1097 1301 1156 quidem
1325 1097 1364 1143 ἃ
1385 1095 1604 1158 adspirato
1625 1094 1754 1153 sono,
1789 1097 1865 1155 qui
1888 1093 2037 1140 sensim
2057 1095 2101 1139 in
2120 1094 2271 1153 lingua

43 1201 70 1225 ‚,
105 1168 363 1212 Germanica
389 1168 430 1211 in
455 1167 507 1230 Q
523 1165 586 1211 vel
607 1164 925 1212 Knnmutatus
947 1163 1019 1221 fit,
1055 1165 1094 1210 δι
1117 1166 1160 1209 in
1188 1164 1334 1223 lingua
1355 1164 1520 1210 Gallica
1542 1166 1583 1208 in
1607 1163 1791 1209 litteram
1819 1161 1881 1218 G,
1901 1177 1952 1207 ut
1972 1177 2133 1206 nomen
2157 1158 2270 1204 illud

44 1267 70 1290 „‚
107 1233 370 1278 wilhelmus
403 1231 608 1288 ostendit,
647 1233 767 1291 qnod
797 1232 910 1278 Galli
942 1231 1078 1277 modo
1109 1246 1262 1276 omnes
1293 1229 1607 1278 Guillielmzmz
1637 1230 1943 1291 pronunciant.
2005 1228 2139 1287 Atqui
2166 1241 2269 1277 cum

47 1336 73 1357 ‚,
103 1318 148 1346 ca
179 1301 314 1344 littera
340 1300 557 1345 nonnihil
588 1299 639 1345 ad
664 1301 713 1347 D
737 1300 918 1344 latinum
949 1300 991 1343 in
1019 1298 1133 1342 illius
1164 1298 1240 1341 aevi
1271 1294 1574 1359 manuscriptis
1603 1296 1801 1352 accedat,
1835 1292 2047 1341 facillime
2076 1293 2129 1339 ab
2154 1308 2269 1338 ama-

45 1403 71 1422 „
107 1366 251 1412 nuetn'i
276 1368 482 1425 imperito
505 1369 546 1411 in
574 1384 603 1416 Δ
631 1368 833 1412 Graecum
868 1367 1023 1411 mutari
1057 1364 1219 1424 potuit.
1235 1398 1257 1416 ,‚
1329 1362 1554 1409 Hattenus
1580 1366 1840 1412 Lacrozius.
1910 1364 2005 1422 Ego
2037 1376 2139 1406 Vero
2161 1358 2270 1405 dum

42 1430 246 1478 severiori
269 1434 383 1477 lance
405 1434 512 1477 hanc
535 1435 954 1492 argumentationem
978 1431 1198 1491 expendo,
1235 1429 1361 1489 plane
1383 1431 1491 1475 nihil
1515 1431 1701 1486 invenio,
1735 1428 1856 1489 quod
1877 1445 1900 1474 a
1920 1428 2162 1487 receptiore
2181 1422 2270 1470 sen·

43 1501 174 1544 tentia
195 1516 263 1544 me
284 1500 507 1544 dimovere
529 1499 670 1559 ponit.
742 1503 801 1544 Ut
821 1515 965 1544 autem
986 1500 1068 1544 toti
1095 1499 1199 1544 huic
1221 1498 1281 1541 rei
1301 1497 1468 1557 aliquid
1488 1499 1595 1545 lucis
1614 1495 1823 1554 foenerer,
1858 1495 1913 1542 ad
1941 1493 2159 1554 sequentia
2172 1506 2267 1537 mo-

39 1583 184 1612 menta
205 1570 250 1614 R.
272 1568 323 1612 L.
355 1567 551 1612 animum
573 1567 788 1612 attendere
817 1565 963 1614 iubeO.

1046 1673 1085 1739 ς.
1156 1677 1256 1723 vn.

185 1778 301 1817 lmo.
339 1765 504 1825 Negari
527 1765 699 1824 nequit,
732 1762 828 1809 satis
858 1781 941 1825 pro
973 1765 1174 1824 imperio
1197 1762 1324 1809 verba
1347 1762 1570 1828 Gregorii
1599 1760 1773 1822 refingi.
1842 1763 2045 1821 Quatuor
2069 1758 2166 1804 heic
2196 1756 2267 1803 ad-

47 1826 142 1875 sunt
165 1830 339 1885 litterae,
376 1848 562 1890 quarum
585 1832 680 1877 duae
705 1831 802 1876 loco
833 1829 909 1877 suo
940 1847 1194 1887 moventur,
1230 1832 1352 1875 tertia
1382 1848 1412 1880 Σ
1439 1845 1751 1875 transmutatur
1778 1829 1821 1872 in
1841 1827 1914 1883 Z,
1950 1841 2099 1886 quarta
2128 1841 2176 1870 ex
2195 1825 2268 1869 tri-

46 1911 197 1956 quetra
227 1893 553 1942 sennen-culatis
585 1897 652 1947 fit,
692 1898 730 1943 ἃ
761 1895 947 1952 sonum,
982 1915 1114 1956 quem
1147 1900 1192 1942 in
1220 1897 1368 1942 codice
1396 1914 1541 1942 revera
1571 1895 1745 1950 habuit,
1789 1894 1854 1952 (·d
1885 1893 2005 1953 quod
2039 1892 2269 1940 harmonia

42 1962 290 2023 linguarum
313 1978 596 2023 cognatarum
617 1964 796 2023 aliaeque
818 1966 1002 2009 rationes
1021 1963 1192 2008 abunde
1213 1963 1423 2024 probant,
1459 1957 1540 2012 cfr.
1560 1962 1700 2028 Jum'i
1717 1960 2001 2023 alphabetum
2020 1957 2268 2005 Gothicum

41 2027 310 2089 praemilsum
332 2028 553 2076 Glossario
576 2033 667 2077 eius
694 2030 937 2092 Ulphilano
960 2048 1006 2092 p.
1035 2031 1108 2090 11.)
1127 2031 1300 2076 amittit.

1038 2140 1080 2203 ς.
1152 2143 1269 2188 vm.

179 2226 283 2276 2do.
321 2229 580 2289 Imperitum
603 2227 747 2276 dicere
775 2227 931 2282 ausim,
970 2228 1091 2289 quod
1112 2228 1646 2290 Lacr·0ze·alphabetum,
1681 2227 1762 2275 five
1779 2229 2040 2274 Francicum
2067 2223 2148 2271 sive
2174 2223 2264 2271 lati-

21 2300 31 2307 ”
43 2309 177 2351 num,
209 2294 345 2339 littera
371 2296 643 2355 Ztanquam
666 2312 778 2340 noxa
797 2313 819 2341 a
842 2295 1091 2360 Cllilpericv
1112 2296 1317 2357 adaugeri
1348 2295 1535 2357 potuisse
1564 2299 1722 2344 credat.
1791 2298 1911 2340 Nam
1943 2292 2153 2353 quicquid
2183 2293 2266 2338 cri·

46 2358 268 2405 minentur
302 2360 515 2410 historici¹
553 2361 662 2407 adeo
694 2362 816 2407 domi
846 2363 959 2422 talpa
993 2361 1074 2408 effe
1102 2380 1191 2407 non
1222 2366 1368 2424 potuit
1394 2381 1465 2408 rex
1495 2363 1587 2420 ille,
1623 2379 1669 2408 ut
1698 2363 1936 2423 ignoraret,
1975 2361 2019 2405 in
2054 2360 2273 2406 Francico

43 2426 252 2471 idiomate
274 2428 438 2473 nullam
461 2427 541 2473 effe
562 2431 772 2478 litteram,
810 2446 904 2487 qua:
926 2431 967 2473 in
988 2445 1064 2474 ore
1085 2429 1125 2475 ὃ(
1153 2431 1320 2475 calamo
1341 2432 1502 2475 civium
1525 2431 1618 2475 eius
1637 2428 1908 2488 frequentior
1940 2424 2095 2481 fuerit,
2130 2441 2264 2484 quam

45 2491 140 2547 illa,
177 2492 229 2536 de
251 2508 333 2550 qua
358 2495 608 2553 loquimur,
642 2495 706 2543 Z
776 2497 883 2540 Rem
908 2512 977 2541 me
995 2495 1245 2541 litteraturae
1268 2494 1512 2543 'I'heotiscae
1539 2499 1683 2556 gnaris
1715 2494 1975 2543 notiffimam
2003 2494 2124 2551 loqui
2153 2492 2261 2538 arbi·

45 2572 160 2614 tror,
195 2555 265 2602 sed
285 2557 315 2603 fi
335 2561 431 2617 quis
453 2559 600 2606 testem
621 2561 918 2607 adhibendum
942 2563 1066 2612 velit,
1103 2561 1216 2607 dabo
1244 2563 1532 2624 locupletem,
1567 2566 1713 2610 virum
1738 2561 1788 2607 de
1817 2580 1908 2622 quo
1928 2558 2060 2607 musae
2082 2560 2264 2605 Germa-

44 2624 150 2676 nicae
170 2624 327 2669 merito
347 2626 610 2685 glorientur,
645 2626 993 2674 litteratissimum
1019 2624 1226 2679 Waclm·
1246 2646 1344 2683 um,
1383 2632 1456 2689 qui
1482 2632 1524 2674 in
1545 2630 1871 2691 prolegomenis
1888 2626 2090 2674 Gloss'a-rii
2112 2627 2264 2671 Germ.

42 2686 151 2739 Sess,
172 2692 245 2734 111.
268 2690 355 2735 haec
376 2706 527 2738 notatu
549 2693 680 2754 digna
699 2692 851 2739 habet:
890 2694 1143 2756 „ZAnglo
1163 2698 1350 2743 Saxones
1370 2714 1459 2742 non
1483 2711 1682 2752 utuntur,
1701 2693 1777 2741 nifi
1798 2698 1839 2740 in
1864 2694 2043 2741 vocibus
2065 2695 2263 2746 externis,

6 2768 9 2769 ’
39 2791 68 2814 ‚,
103 2755 250 2815 quales
272 2753 369 2802 sunt
390 2758 619 2805 Zacharias
642 2759 690 2806 ἃ
710 2759 959 2820 Elizabeth3
994 2762 1134 2808 Gothi
1163 2778 1289 2819 vero,
1325 2761 1539 2809 Franci&
1560 2761 1790 2808 Alamanni
1821 2763 1864 2807 in
1893 2758 2161 2815 domestici53
2197 2758 2264 2803 illi

39 2858 66 2880 ,‚
101 2824 300 2884 parcius,
334 2823 381 2868 hi
402 2825 775 2886 intemperantius.
842 2826 935 2874 Ubi
955 2845 1097 2874 tamen
1119 2825 1462 2885 observandum,
1500 2828 1618 2888 quod
1641 2829 1780 2875 Gothi
1806 2829 1892 2875 hoc
1920 2828 2134 2874 elemento
2154 2843 2262 2871 nun·

39 2908 67 2952 3,
105 2905 239 2951 quam
264 2905 441 2940 utantur
469 2893 516 2940 in
544 2892 704 2941 iisdem
730 2893 910 2944 vocibus
939 2911 987 2946 ut
1014 2897 1172 2944 Franci
1199 2895 1240 2941 δι
1262 2896 1515 2958 Alamanni,
1546 2892 1617 2942 sed
1646 2895 1910 2960 plerumque
1940 2897 1986 2943 in
2014 2895 2130 2952 aliis,
2165 2894 2208 2941 &
2237 2914 2262 2944 a

1238 2965 1275 3012 K
1297 2961 1328 3008 l<
1369 2978 1395 3027 3
2128 2965 2260 3010 Fran·
