2473 3380
157 152 257 205 280
665 141 1036 199 SPECIMEN
1068 137 1435 193 GLOSSARH
1467 138 1871 192 ULPHJLANJ.

762 259 857 309 For
885 252 1100 319 marsken
1130 247 1246 301 hade
1278 248 1370 300 Itan
1404 254 1578 318 mycken
1611 267 1717 318 aga,

764 332 804 373 A
840 320 1129 372 Mareschallo
1172 318 1363 365 multum
1398 319 1564 367 timuit.

228 392 435 457 sequiori
454 405 571 452 aevo,
603 408 689 455 pro
710 390 984 453 castigatione
1003 387 1046 434 <St
1063 384 1292 446 disciplina
1310 382 1522 443 sumitur,
1555 382 1739 445 perinde
1758 400 1807 429 ae
1827 383 1971 433 Alem.
1998 387 2090 451 egi,
2124 386 2203 433 eki.
2230 400 2268 436 v.
2288 382 2373 431 Ke-

229 466 359 512 rom's
383 460 533 522 regula
548 455 790 514 Benediffi,
822 474 868 519 p.
891 472 974 506 21.
1008 453 1128 503 Edit.
1154 446 1324 502 Schitt.
1381 452 1503 500 Huic
1538 451 1636 499 voci
1657 454 1793 518 Agis,
1823 465 1978 512 praeter
2006 451 2144 501 modo
2175 453 2374 498 nomina.

148 561 152 570 »
227 542 328 579 tum
347 542 486 594 ogau,
520 522 665 572 affinia
684 522 796 582 sunt,
1239 544 1242 548 ⁴

304 594 518 659 Unagein
551 590 665 640 Luc.
687 593 720 649 I,
741 604 823 655 74.
856 587 941 637 {ine
959 590 1136 639 timore.

301 656 530 726 Ufitgidai
563 659 719 708 Marc.
735 660 813 713 IX,
843 663 887 705 6.
920 656 1126 703 exterriti.
2087 667 2097 670 ⁷>
2211 696 2214 697 ⁷

299 724 500 794 Inagida
530 721 702 774 Matth.
720 726 792 781 IX,
817 738 893 786 30.
924 726 1112 769 minatus
1129 719 1203 770 est.
1239 714 1331 767 cfr.
1360 716 1601 770 Wachteri
1617 714 1755 766 Gloss.
1776 718 1822 763 in
1838 734 1877 768 v.
1900 713 2175 766 Scheuslich.

162 794 387 865 Aglaitei‚
419 793 574 842 Marc.
593 794 690 848 V11,
713 806 794 840 22.
828 790 1127 851 impudicitia:
1163 784 1387 834 observavi
1408 801 1551 844 antea,
1585 801 1613 833 a
1633 801 1759 831 more
1778 783 2166 847 single-Saxonum
2196 780 2378 829 vocibus
2449 790 2454 791 ⁷

232 858 570 922 Moesogothieis
590 857 813 907 interdum
833 853 1026 919 praefigi,
1062 855 1103 901 ὃ(
1122 851 1286 909 nescio,
1321 868 1467 898 annon
1498 851 1615 898 idem
1640 851 1742 897 huic
1763 854 1860 897 voci
1882 850 2099 898 acciderit.
2157 845 2378 914 Hesychia

237 930 386 985 γαλιαῖω
415 924 474 973 est
494 926 767 972 incontinens
796 921 917 978 sum,
953 922 1076 982 quod
1105 921 1221 966 unde
1249 918 1445 984 deducat,
1468 918 1589 979 apud
1617 915 1854 978 ipsummet
1882 916 2064 964 videbis.
2134 915 2268 977 Apud
2288 913 2386 964 No-v

233 998 385 1051 nium,
414 992 573 1053 gallare
593 988 651 1036 est
675 989 866 1039 bachari0
923 992 1146 1049 Praecipue
1168 1003 1271 1032 vero
1293 986 1377 1031 huc
1406 981 1510 1031 facit
1542 985 1615 1030 Isl.
1640 986 1767 1049 giam
1788 981 1995 1034 inescare,
2033 982 2256 1044 pellicere,
2286 985 2382 1046 gia·

233 1060 314 1110 lur
332 1058 560 1106 illecebrae.
630 1055 770 1116 Quod
789 1055 960 1122 agalod
978 1056 1326 1116 Anglo-Saxones
1347 1049 1605 1098 diss'olutum
1633 1052 1795 1107 dicant,
1831 1065 1951 1095 notat
1974 1046 2350 1099 Stiernlzielmiw.

170 1147 306 1217 Agla,
336 1144 603 1208 persecutio,
635 1139 838 1199 affliffim
875 1144 921 1188 in
942 1141 1102 1203 plurali
1120 1140 1281 1205 aglons
1298 1136 1635 1199 persecutiones.
1671 1140 1723 1185 Α.
1746 1139 1786 1183 S.
1825 1136 1977 1201 Eglan
2003 1135 2217 1198 affligere,
2250 1135 2385 1181 mole-

236 1212 361 1261 stiam
380 1227 547 1268 creare,
580 1209 724 1260 Hvoet
743 1206 898 1275 eglath
918 1206 1010 1263 tlte,
1046 1207 1154 1268 quid
1181 1222 1220 1252 te
1250 1205 1382 1264 angit,
1446 1205 1595 1250 Hodie
1622 1203 1770 1254 lVlzat
1797 1201 1917 1250 aleth
1930 1205 2027 1268 jou.
2063 1199 2194 1251 conf.
2220 1201 2385 1266 Cqfizu-

236 1279 376 1333 bonus
394 1279 440 1325 in
462 1280 549 1327 Tr.
570 1277 624 1324 de
652 1290 842 1336 quatuor
867 1276 1050 1337 linguis,
1077 1276 1122 1319 in
1143 1279 1259 1333 App.
1283 1270 1323 1316 ὅ(
1339 1267 1516 1336 Junius
1535 1271 1578 1315 in
1593 1274 1740 1332 Etym.
1764 1269 1889 1329 Angl,
1911 1271 1954 1314 in
1975 1287 2016 1316 v.
2037 1272 2154 1324 Aile,
2189 1285 2384 1329 quorum

237 1348 310 1396 ille
327 1341 497 1394 confert
514 1344 593 1394 Gr.
615 1350 734 1404 α’λᾶω,
759 1342 832 1388 hic
850 1351 986 1396 ᾰλγίι,
1043 1344 1164 1403 Ego,
1200 1354 1340 1398 quum
1361 1344 1482 1393 σι’χλδς
1505 1337 1721 1383 interdum
1743 1336 1918 1381 denotet
1937 1344 2047 1387 λυπῆ,
2078 1334 2300 1390 dolorem,
2337 1335 2388 1380 il-

236 1414 317 1462 lud
338 1412 561 1474 imprimis
581 1408 729 1458 nostro
759 1405 890 1456 affine
916 1408 1083 1457 dixero,
1113 1423 1149 1454 v.
1172 1403 1353 1470 Ηςβοάί
1381 1399 1546 1450 scutum
1567 1403 1774 1451 Herculis
1802 1418 1842 1449 ν.
1866 1410 1979 1462 264.
2014 1401 2056 1448 δι
2082 1401 2140 1447 ibi
2162 1399 2398 1449 Scholiast.·

246 1481 448 1547 Tanaqu.
469 1477 615 1527 Faber
631 1476 686 1524 ad
708 1477 986 1542 Longinum,
1019 1485 1095 1535 mg}
1115 1475 1208 1530 ‘54⁸⁶
1231 1473 1332 1518 edit.
1354 1467 1530 1520 Bozlav.
1554 1487 1597 1530 p.
1620 1487 1677 1516 m.
1702 1484 1811 1533 303.
1883 1468 1980 1517 Nifi
2006 1463 2167 1514 referre
2187 1469 2310 1515 malis
2333 1468 2387 1514 ad

244 1560 380 1609 ἐχλος,
413 1560 626 1610 quatenus
647 1544 844 1601 turbam,
878 1543 1150 1589 vexationem
1170 1553 1306 1588 notat.
1373 1540 1476 1583 Huc
1500 1539 1719 1601 pertinent

314 1633 431 1701 Agla
452 1630 644 1681 difficile.
680 1632 836 1681 Mare·
858 1633 912 1691 X,
933 1640 1012 1691 24.
2464 1668 2470 1673 „

322 1698 504 1768 Agluba
541 1701 695 1750 Marc.
722 1702 775 1760 X,
805 1715 832 1748 2
841 1713 884 1759 3.
920 1700 969 1743 In
997 1695 1187 1743 editione
1208 1690 1551 1743 Stiernlzielmii.
1588 1689 1698 1739 Luc.
1718 1692 1877 1748 XVIII,
1902 1704 1981 1750 24.
2013 1688 2173 1750 legitur
2196 1685 2389 1755 agazeba,

377 1770 424 1814 in
443 1766 592 1817 codice
609 1780 756 1813 autem
778 1762 958 1830 agluba.
1026 1766 1235 1808 Errorem
1263 1764 1435 1822 peperit
1463 1756 1646 1805 affinitas
1667 1758 1906 1804 litterarum
1937 1773 1965 1804 a
1985 1756 2027 1804 &
2045 1758 2066 1805 l
2090 1757 2131 1800 in
2151 1757 2258 1817 ling.
2280 1759 2390 1803 Mee-

379 1830 622 1893 sogothica.
693 1833 829 1893 Qod
859 1832 962 1876 item
992 1830 1145 1877 Marc.
1167 1826 1247 1882 IV,
1284 1841 1358 1886 17.
1393 1834 1478 1887 pro
1506 1824 1637 1889 aglo,
1671 1825 1714 1869 in
1746 1822 2012 1870 editionibus
2039 1821 2180 1888 me'
2206 1823 2393 1871 Stiern-
2467 1842 2471 1844 ⁷

379 1894 637 1958 hielmiique
655 1897 824 1959 legatur
841 1896 968 1961 algo,
999 1908 1255 1942 annotatum
1271 1893 1437 1940 videbis
1459 1892 1503 1937 in
1527 1889 1714 1951 Ulpliila
1734 1888 1943 1935 illustrato
1969 1906 2016 1950 p.
2040 1906 2120 1945 23.

180 1983 353 2045 Ahaks,
388 1984 608 2035 columba.
676 1983 825 2031 Nobis
854 1984 981 2040 ku,
1018 1981 1087 2030 Isl.
1118 1981 1277 2038 Haulz,
1311 1984 1449 2029 Fenn.
1482 1974 1650 2027 Haltka
1678 1990 1797 2022 notat
1825 1976 2055 2035 capitalem
2086 1975 2394 2025 columbarum

244 2053 438 2111 hostem,
472 2053 723 2114 accipitrem
746 2051 926 2110 loquor.
995 2049 1077 2094 Sed
1101 2064 1230 2093 nemo
1259 2047 1304 2093 id
1325 2046 1581 2101 mirabitur,
1613 2043 1721 2089 adeo
1742 2042 1914 2088 diverfis
1942 2042 2056 2087 idem
2088 2043 2236 2088 datum
2267 2041 2392 2091 fuisse

245 2138 434 2178 nomen,
465 2120 541 2179 qui
561 2118 698 2165 modo
719 2119 861 2173 norit,
899 2114 1308 2177 quemadmodoum
1329 2113 1585 2160 animalium
1608 2109 1920 2170 appellationes
1948 2109 1993 2153 in
2020 2109 2183 2169 linguis
2202 2113 2395 2171 cognatis

247 2189 365 2236 varie
384 2200 704 2250 permutentur.
761 2181 896 2230 LeE'tu
916 2184 1044 2244 digna
1065 2180 1183 2237 sunt,
1217 2197 1313 2240 quae
1332 2181 1377 2225 in
1396 2179 1506 2225 lianc
1526 2193 1622 2224 rem
1641 2190 1900 2222 annotavere
1925 2174 2202 2224 JsVaclnerus
2231 2176 2262 2224 l.
2283 2195 2318 2225 c.
2351 2178 2396 2223 in

247 2270 291 2304 v.
308 2256 437 2303 Boer.
458 2248 722 2318 Ludolphus
741 2251 786 2297 in
814 2263 1052 2297 comment.
1081 2247 1135 2293 ad
1155 2245 1255 2294 hist.
1272 2246 1575 2307 AEthiopicam
1602 2260 1650 2304 p.
1679 2256 1786 2303 ¹49.
1858 2241 1990 2303 Quod
2018 2258 2121 2288 vero
2141 2243 2188 2290 A
2213 2240 2394 2289 vocibus

249 2319 508 2384 Ulphilanis
540 2317 648 2380 saepe
672 2333 986 2378 anteponatur,
1021 2317 1106 2360 iam
1134 2313 1363 2373 aliquoties
1391 2330 1416 2359 a
1445 2328 1515 2358 me
1543 2311 1765 2356 monitum
1787 2305 1855 2354 est.
1929 2309 2000 2353 Fit
2027 2307 2142 2353 idem
2173 2310 2218 2353 in
2247 2309 2397 2369 lingua

250 2387 647 2452 Anglo·Saxonica‚
678 2400 727 2431 ut
756 2385 802 2429 in
824 2381 1043 2429 Gloffario
1070 2378 1147 2426 suo
1179 2380 1402 2425 annotavit
1425 2378 1679 2427 Somnerus.
1747 2375 1946 2435 Exempli
1976 2373 2097 2430 loco,
2133 2375 2244 2420 inter
2271 2377 2398 2436 innu-

251 2471 374 2503 mera
389 2453 494 2510 alia,
526 2449 656 2500 sunto
677 2448 857 2500 Abactm
876 2448 1058 2510 pinsere.
1126 2442 1327 2495 Aha’ran
1351 2446 1456 2507 pati.
1511 2443 1716 2492 Abarian
1737 2440 1918 2488 nudare.
1976 2443 2400 2503 Animanaccipere.

253 2519 455 2587 Abelgcln
474 2516 616 2566 irasci.
668 2516 845 2566 Abidan
868 2531 1059 2563 manere.

187 2584 372 2646 Aliana,
402 2585 550 2648 paleae.
581 2584 722 2630 Sveth.
745 2586 919 2648 Agnar.
960 2585 1096 2629 Fenn.
1124 2575 1308 2627 Akana.
1345 2579 1424 2631 Gr,
1452 2581 1554 2633 ἔχω
1569 2574 1638 2622 vel
1657 2577 1751 2631 ἔχη,
1777 2572 1948 2634 gluma,
1980 2589 2093 2620 acus.
2130 2576 2223 2622 Lat.
2251 2571 2401 2622 achne.

257 2658 458 2712 Utraque
477 2668 563 2698 vox
581 2665 669 2697 tam
690 2650 843 2705 latina,
882 2665 1014 2707 quam
1035 2662 1182 2707 graeca,
1207 2660 1327 2691 notat
1347 2644 1405 2700 id,
1436 2641 1558 2703 quod
1578 2643 1621 2687 in
1641 2657 1796 2703 genere
1824 2637 2021 2699 quolibet
2051 2637 2109 2684 est
2127 2638 2400 2689 leviffimum.

258 2725 361 2768 Nos
380 2720 483 2766 hinc
504 2715 759 2779 piscicuIOS,
793 2731 904 2775 quos
935 2731 1020 2775 pro
1040 2711 1131 2759 esca
1161 2711 1305 2758 hamis
1332 2710 1632 2773 imponimus,
1668 2714 1769 2770 Agn
1797 2705 2003 2753 dicimus.
2074 2706 2187 2752 Vide
2217 2708 2269 2753 de
2298 2722 2401 2751 voce

254 2787 387 2838 latina
409 2784 598 2836 Coelt'um
620 2782 893 2849 Rodtginum
914 2780 1013 2829 Lib.
1034 2782 1148 2835 XIV,
1182 2793 1262 2825 21.
1304 2773 1584 2827 Wacluerus
1616 2776 1662 2820 in
1690 2770 1831 2822 Gloff.
1858 2789 1898 2819 v.
1922 2771 2040 2820 Eclze
2066 2772 2256 2818 radicem
2283 2774 2401 2818 vocis

258 2852 339 2899 esse
364 2853 491 2900 docet
511 2851 729 2896 Celticum
749 2846 906 2906 chh,
939 2847 992 2894 de
1014 2863 1099 2906 qua
1117 2845 1219 2891 alias
1239 2844 1377 2903 plura.
1736 2865 1744 2868 >

193 2916 365 2983 Ahjan,
404 2932 576 2983 putare.
608 2916 757 2967 Sveth.
786 2913 930 2968 ackta.
972 2914 1125 2960 Germ.
1154 2905 1327 2960 acbten.
1396 2905 1607 2956 Obiervat
1637 2903 1917 2961 W'aclztcrus
1944 2900 1990 2969 J
2015 2900 2401 2976 Moesogothorum

185 3003 187 3007 ’
2296 2969 2404 3032 iaepe
