2473 3380
157 149 224 207 54
864 114 1661 174 EVANGELIUM

160 270 242 318 41.
276 263 409 312 quam
431 251 551 292 walt.
581 238 718 290 tliizei
739 237 788 303 ἐ)
816 253 949 285 namo
980 236 1169 280 iaeirus.³
1266 247 1271 256 ¹
1301 243 1384 290 41.
1419 230 1552 275 Venit
1580 230 1668 286 vir,
1703 229 1828 277 cuius
1859 244 2022 275 nomen
2041 227 2202 290 Jairus.

162 320 274 370 ibid.
295 315 380 364 bad
398 316 470 360 ina
486 326 653 372 gaggan
671 311 717 356 in
733 306 861 373 gard
884 303 952 361 a')-
967 299 1154 347 seinana.
1303 295 1408 342 ibid.
1425 296 1613 355 Rogavit
1637 312 1740 342 eum
1759 296 1941 343 introite
1959 297 2002 341 in
2021 295 2203 340 domum
2224 288 2367 338 suam.
2412 297 2414 299 ’

163 404 247 453 42.
281 397 385 432 unte
418 377 603 426 dauhtar
639 374 805 420 ainoho
844 385 928 414 was
970 369 1108 412 imma
1142 360 1224 410 swe
1301 377 1381 424 42.
1415 364 1590 408 Etenim
1610 358 1697 407 filia
1717 364 1842 408 unica
1863 377 1951 408 erat
1979 361 2064 417 illi,
2099 358 2215 420 quasi
2236 374 2366 405 anno·

231 452 446 502 wintriwe
474 443 518 507 e)
546 441 731 490 twalibe‚
774 437 848 500 jah
866 432 913 480 so
936 431 1077 480 swalt:
1113 427 1226 480 mitlz
1370 445 1470 475 rum
1489 427 1751 486 duodecim⁷
1786 427 1838 477 &
1856 446 1904 474 ea
1926 427 2212 476 moriebatur‘
2248 426 2368 471 Cum

231 517 384 571 thanet·
412 510 521 562 than
551 507 733 571 iddjais.
785 503 1049 568 manageins
1082 497 1226 548 thrai·
1371 511 1477 542 vero
1502 503 1538 542 is
1556 496 1663 555 iret,
1698 495 1935 542 multitudo
1965 490 2163 541 atstabat‘
2184 508 2301 540 eum.

236 587 329 638 hun
365 586 455 632 ina.
476 574 540 641 f)

165 671 247 722 43,
280 651 370 700 soei
405 650 450 693 in
480 641 655 719 lekjans
683 637 748 705 g)
792 632 995 697 fraquam
1024 634 1228 682 allamma
1303 646 1384 694 43.
1420 632 1529 692 Qae
1565 627 1609 672 in
1637 625 1832 674 medicos
1867 625 2143 688 impenderat
2187 638 2369 677 omnem

233 721 390 787 aigina
422 711 479 776 lz)
512 708 763 758 seinamma.
869 710 871 713 '
1373 693 1625 742 facultatem
1659 690 1797 742 suam.

167 803 251 854 47.
286 782 520 845 reirandei!
542 778 586 840 i)
620 775 692 838 jah
727 768 1029 834 atdriusandei.
1305 777 1385 826 47,
1419 761 1640 810 Tremens
1660 759 1703 806 ὅ(
1729 757 1980 821 procidens,

167 871 252 920 49.
282 845 494 920 gaggitlz.
542 847 603 894 St.
638 838 814 904 gaggid.
843 837 891 898 k)
1306 846 1387 894 49.
1423 830 1567 875 Venit.

168 922 276 973 ibid.
299 909 606 982 gadauthnoda
632 904 837 956 dauhtar
862 901 1029 954 theina.
1056 899 1100 957 l)
1309 897 1415 948 ibid.
1435 898 1617 942 Mortua
1641 891 1701 938 est
1724 890 1814 938 filia
1842 907 1931 942 tua.

162 1005 253 1054 55.
282 986 358 1053 jah
393 976 544 1033 ustotlz
581 977 647 1037 m)
684 971 800 1021 suns·
1317 980 1394 1024 55.
1428 965 1485 1009 Et
1513 959 1694 1008 surrexit
1725 962 1947 1021 protinus.

591 1046 703 1103 Cap.
731 1043 811 1086 IX:
1161 1072 1164 1073 γ
1733 1030 1843 1087 Cap.
1865 1028 1943 1073 IX:

178 1138 224 1187 3.
258 1123 306 1169 ni
333 1117 512 1165 waluns,
543 1110 621 1157 nib
652 1105 876 1166 matibalg.
912 1104 961 1150 ni
989 1097 1124 1151 hlaib.
1153 1100 1203 1161 n)
1315 1112 1360 1158 3.
1386 1099 1482 1142 Nec
1499 1093 1837 1152 baculol,neque
1854 1107 2024 1157 peram,
2039 1106 2180 1150 neque
2196 1103 2374 1151 panem.

175 1208 221 1256 4.
257 1188 424 1238 thanei.
450 1183 494 1242 ο)
528 1182 591 1226 St.
620 1174 800 1222 thainei.
1312 1178 1359 1224 4.
1394 1166 1731 1224 Qamcunque,
2055 1162 2057 1164 ’
2180 1184 2185 1189 „
2367 1154 2370 1156 ·

176 1274 226 1320 7.
259 1251 439 1304 herodis
460 1246 502 1294 sa
520 1240 753 1294 taitarlees.
778 1236 836 1303 p)
1312 1244 1361 1289 7.
1394 1227 1598 1273 Herodes
1617 1225 1874 1275 Tetrarcha.

179 1341 259 1375 10.
294 1313 619 1371 namnidaizos.
635 1308 690 1373 q)
725 1309 767 1371 J.
789 1304 831 1352 ἃ
851 1304 908 1349 St.
935 1297 1234 1346 namndaiz'oS.
1318 1311 1390 1343 10.
1434 1294 1703 1339 Nominatae.

177 1408 258 1443 11.
292 1389 417 1436 thans
441 1377 668 1432 tharbans
695 1376 750 1438 r)
782 1365 1056 1418 leikinassaus
1094 1363 1238 1426 gahai·
1320 1377 1398 1410 11.
1433 1363 1617 1422 Egentes
1649 1356 1882 1404 curationis
1908 1353 2098 1405 sanabat.

242 1456 346 1506 lida.
442 1474 444 1476 ’
2302 1436 2321 1468 1
2334 1435 2376 1468 2.

229 1573 267 1619 c)
294 1569 329 1621 J.
350 1566 383 1604 ὃ(
404 1565 456 1604 St.
472 1562 585 1606 thiae,
613 1556 771 1610 genitiv.
790 1551 942 1605 pluralis
961 1561 1028 1601 pro
1047 1545 1246 1597 singulari,
1274 1545 1342 1596 qui
1356 1543 1470 1582 huius
1491 1539 1543 1580 est
1564 1540 1651 1580 loci.

229 1622 285 1673 d)
310 1621 370 1660 St.
380 1619 419 1656 in
432 1612 549 1668 garda
556 1612 721 1665 seinana,
745 1608 811 1647 lat.
827 1607 865 1644 in
881 1604 977 1642 domo
988 1600 1093 1653 suam
1102 1613 1114 1646 3
1138 1599 1343 1650 requiritur
1361 1598 1489 1647 itaque
1508 1593 1784 1643 casusquartus
1794 1589 1912 1644 gard·
1937 1591 2217 1635 observantibus
2233 1595 2273 1634 id
2314 1608 2381 1635 uo-

292 1685 369 1725 que
385 1673 421 1723 J.
440 1670 475 1708 ἃ
492 1668 537 1709 Β.
556 1665 603 1704 ad
622 1666 715 1703 Luc.
739 1673 798 1706 10,
815 1670 852 1705 7.
871 1653 1059 1708 nifaraitk
1078 1666 1116 1690 us
1129 1650 1247 1705 garda
1263 1653 1300 1689 in
1310 1648 1425 1703 gard,
1469 1661 1548 1686 non
1565 1646 1727 1697 migrate
1746 1644 1790 1682 de
1810 1644 1927 1683 domo
1945 1647 1985 1684 in
2003 1646 2167 1686 domum
2288 1609 2313 1647 q

238 1729 273 1780 e)
299 1724 406 1766 Editi
431 1720 630 1762 wintraiwe
640 1731 654 1764 ,ς
680 1712 834 1754 Gothus
851 1721 980 1749 autem
999 1707 1201 1757 diligenter
1217 1703 1380 1742 custodit
1398 1701 1613 1752 analogiam
1631 1699 1841 1737 flexionum
1853 1711 1864 1744 3
1901 1697 1950 1736 fic
1970 1700 2073 1737 enim
2102 1680 2284 1751 legfimm.
2300 1701 2384 1740 han,

291 1777 401 1825 diwe,
418 1775 566 1828 fotiwe,
582 1769 721 1823 fimiwe
740 1768 808 1806 &e
829 1775 996 1817 quorum
1013 1760 1198 1803 nominat.
1219 1756 1354 1809 lingui.
1385 1756 1460 1794 exit
1481 1755 1521 1793 in
1538 1767 1598 1799 m,
1629 1754 1662 1791 ὅ(
1683 1751 1802 1803 plural
1842 1751 1957 1802 injus
1975 1753 2010 1789 ὅ(
2043 1767 2128 1800 uns,
2162 1755 2318 1805 perinde
2343 1769 2383 1794 ac

291 1834 466 1875 wirmus,
493 1828 690 1870 matrum,
707 1820 891 1859 wintriwe
935 1816 1118 1855 Ceterum
1137 1812 1239 1851 vocis
1257 1810 1448 1862 duplicem
1466 1807 1537 1847 effe
1558 1804 1812 1858 significatum
1824 1832 1833 1850 ,
1877 1817 1956 1855 quo
1981 1806 2167 1845 nimirum
2185 1811 2218 1845 ἅ
2237 1807 2260 1845 h
2278 1821 2388 1846 mmm

292 1887 330 1925 &
348 1894 480 1922 armum
497 1879 670 1923 denotat,
697 1887 755 1914 res
772 1871 823 1912 est
842 1869 1052 1914 notissima,
1090 1865 1156 1905 cfr.
1173 1865 1269 1914 Jun.
1288 1866 1322 1902 ὅ(
1344 1861 1513 1899 Wachter
1546 1861 1585 1899 in
1602 1872 1713 1904 voce,
1751 1858 1845 1895 item
1864 1848 1985 1895 Praeclss
2010 1858 2211 1912 Herweghr
2233 1823 2374 1901 niasttas

295 1941 336 1979 in
365 1934 510 1976 erudita
527 1928 714 1973 Differtat.
769 1929 828 1966 De
846 1923 917 1964 usu
931 1922 1147 1973 antiquitat·
1165 1919 1207 1957 in
1233 1915 1449 1956 illustranda
1468 1916 1599 1966 lingua
1622 1914 1720 1951 Suco
1733 1910 1872 1950 -Goth.
1893 1924 1927 1961 p.
1955 1918 2010 1953 18.
2376 1890 2388 1909 '

229 1995 285 2048 f)
308 1994 396 2032 Nec
412 1989 588 2041 plenam,
623 1994 750 2034 neque
773 1991 901 2019 veram
924 1976 1126 2015 leetionem
1153 1970 1333 2010 exhibent
1356 1971 1380 2022 J
1410 1971 1443 2006 ὅ(
1463 1969 1521 2008 St.
1546 1967 1700 2018 utrique
1723 1974 1853 2003 autem
1876 1962 2049 2003 satisfacit
2074 1967 2162 2005 Rev,
2192 1964 2374 2005 Benzelim

292 2048 352 2085 De
369 2042 526 2083 vocibus
543 2039 606 2078 hic
623 2031 906 2076 occurrentibus
926 2028 1053 2080 supra,
1080 2024 1153 2065 suis
1168 2024 1278 2071 locis,
1307 2022 1489 2062 diximus.
2377 1996 2387 2008 ⁸

241 2100 288 2155 g)
316 2100 351 2150 J.
370 2097 404 2135 &
422 2095 474 2133 Sty
505 2089 655 2143 leily‘ans.
710 2084 844 2126 Codex
859 2093 1070 2133 utrumque
1090 2077 1294 2130 approbat3
1323 2076 1461 2114 dicitur
1478 2073 1582 2112 enim
1599 2070 1698 2110 lekeis
1715 2071 1748 2109 8<
1766 2068 1898 2117 leikeis,
1933 2068 2063 2110 Sueth.
2088 2067 2217 2110 Iaekare
2270 2073 2389 2113 medi.

298 2162 383 2195 cus,
413 2160 434 2186 a
451 2143 548 2185 lekan
565 2145 600 2182 ὅ(
617 2141 753 2187 leikan,
783 2136 912 2177 Sueth.
937 2133 1040 2181 beka,
1067 2131 1224 2171 mederi.
2225 2101 2235 2120 '

246 2206 286 2257 h)
313 2201 418 2242 Editi
435 2199 562 2242 ailam,-
586 2195 723 2234 melius
739 2190 787 2231 ad
805 2201 982 2230 normam
1000 2186 1139 2225 codicis
1156 2187 1255 2235 Arg.
1276 2183 1412 2235 aigina,
1449 2178 1599 2219 ablativ.
1620 2190 1641 2216 a
1668 2176 1770 2215 resto
1785 2205 1793 2221 ‚
1821 2177 1950 2229 augins,
1984 2174 2154 2227 possess-io
2209 2178 2314 2230 quod
2339 2178 2390 2219 est

297 2256 344 2295 ab
365 2257 488 2306 aigun,
511 2248 642 2289 Sueth.
659 2258 732 2298 aega
746 2274 754 2287 .
779 2242 960 2296 poffidere
1026 2253 1061 2279 v.
1087 2237 1240 2290 specim.
1260 2233 1378 2275 Gloff.
1408 2232 1528 2285 Ulph.
2162 2205 2173 2225 ’

244 2312 278 2360 i)
304 2311 339 2363 J
352 2308 384 2346 ἃ
397 2307 448 2346 St.
466 2301 599 2344 frustra
616 2299 852 2354 praemittunt
867 2308 985 2348 quam,
1003 2293 1126 2332 venit:
1156 2299 1389 2339 annotatque
1398 2289 1488 2329 Rev0
1500 2284 1610 2322 Benz.
1630 2282 1690 2322 vel
1708 2280 1784 2321 fine
1802 2273 1906 2329 ἦλθε,
1923 2269 2071 2326 sensum
2088 2283 2286 2333 integrum
2298 2283 2376 2324 fore

241 2364 279 2413 k)
304 2358 466 2402 Perinde
482 2355 548 2398 est.
573 2368 610 2395 v,
634 2352 743 2404 supra
766 2363 797 2388 c.
823 2361 855 2396 1,
879 2361 936 2394 32·
955 2346 1003 2386 ad
1021 2357 1155 2384 vocem
1173 2341 1280 2395 gibid.
1330 2353 1333 2356 ’
2379 2313 2391 2326 ’

244 2418 281 2467 l)
308 2414 401 2464 Just
417 2410 571 2450 dauhtar
588 2406 701 2445 thein:
729 2412 861 2442 contra
882 2401 1024 2452 linguae
1041 2398 1215 2449 genium.

245 2469 299 2520 m)
326 2466 429 2506 Editi
446 2460 595 2513 usstoth,
623 2457 759 2498 reffius
774 2454 947 2495 omnino.
980 2449 1100 2491 Marc.
1121 2449 1156 2495 6,
1182 2461 1215 2488 ι.
1239 2444 1329 2499 Joh.
1349 2452 1410 2492 11,
1431 2455 1489 2489 31.
1546 2444 1628 2482 Aut
1653 2437 1770 2491 elapsa
1794 2437 1845 2478 est
1874 2438 1980 2478 litera
2007 2439 2149 2478 incuria
2177 2442 2382 2495 typothetae

298 2531 365 2561 aut
383 2517 525 2558 redolet
542 2512 755 2564 antiquiora
773 2518 955 2559 tempora,
981 2503 1123 2557 quibus
1142 2501 1282 2540 litteras
1300 2510 1382 2537 raro
1401 2494 1659 2549 geminabant.
1690 2506 1728 2536 v,
1748 2491 1840 2536 edit.
1856 2490 1967 2532 Benz.
1984 2506 2020 2544 p,
2034 2506 2051 2531 2
2060 2504 2120 2539 27,
2134 2496 2170 2532 ὅ(
2191 2494 2321 2535 Nolten
2354 2473 2396 2536 513

297 2577 378 2614 Lex
406 2567 593 2612 Antibarb
622 2579 659 2618 p.
684 2574 767 2609 135.
793 2568 862 2607 138
2129 2574 2131 2576 ¹
2323 2525 2336 2539 ’

244 2627 287 2676 π)
311 2624 578 2668 Defiderantur
596 2620 640 2659 in
658 2615 823 2656 editione
839 2613 1020 2663 Juniana.

247 2684 286 2732 o)
307 2682 369 2721 Sic
385 2680 421 2732 J.
440 2678 476 2716 ἃ
494 2677 535 2715 Β.
554 2672 683 2712 thainei
700 2667 752 2709 est
773 2680 847 2707 vox
879 2663 1003 2705 nihili.

245 2740 296 2785 p)
321 2734 384 2773 Sic
401 2729 522 2770 codex
540 2724 663 2766 noster
671 2738 684 2770 ,-
706 2734 780 2774 ego
798 2730 926 2760 autem
943 2719 1073 2756 locum
1095 2727 1177 2754 non
1197 2723 1323 2752 vacare
1344 2709 1487 2749 mendo
1515 2705 1760 2753 crediderim,
1786 2716 1899 2757 atque
1924 2717 2015 2744 cum
2042 2703 2151 2743 editis
2173 2703 2307 2745 malim
2331 2711 2397 2745 καὶ-

305 2785 468 2830 zrarkes,
495 2794 570 2821 vox
586 2779 721 2819 eadem
744 2787 787 2815 ac
806 2784 1017 2825 graecorum
1044 2763 1256 2819 τετςιέςχης.

201 2864 204 2867 -
257 2837 300 2890 q)
325 2838 446 2877 Probe
462 2837 568 2875 iuxta
585 2831 734 2883 regulas
753 2825 945 2868 formandi
962 2823 1131 2876 praeterit.
1152 2819 1278 2873 passtv.
1294 2832 1316 2858 a
1331 2817 1516 2870 praeterito
1535 2825 1706 2867 tempore
1723 2812 1914 2853 indicativ.
1932 2807 2117 2857 namnida,
2151 2811 2244 2852 Luc,
2272 2809 2309 2859 6,
2336 2822 2400 2859 13·

315 2903 377 2937 14.
397 2903 418 2928 a
435 2899 606 2942 namium,
632 2882 751 2925 Sucth
780 2893 937 2926 memmi,
970 2877 1184 2916 nominare.
1656 2889 1659 2892 -

258 2943 300 2992 r)
327 2944 382 2982 St.
401 2942 624 2981 reclamante
639 2935 819 2989 Syntaxi,
842 2929 1051 2976 mammis,
1077 2940 1207 2980 egens.
1260 2926 1410 2965 Vocem
1425 2921 1624 2961 referimus
1644 2919 1690 2960 ad
1705 2918 1856 2958 tharhan
1868 2947 1878 2964 ,
1896 2915 2025 2956 Sueth.
2043 2915 2189 2967 msva,
2217 2915 2386 2968 indigere

310 3009 331 3036 a
349 2993 446 3045 mrs,
473 2995 592 3032 Fenn.
610 3002 739 3035 tarwe,
767 2985 976 3032 neceffitas,
1004 2995 1098 3035 opus
1111 2996 1121 3028 3
1150 2978 1254 3019 unde
1269 2990 1380 3030 porro
1397 2975 1568 3015 nostrum
1594 2973 1741 3025 tmfiig,
1761 2971 1955 3022 indigus,
1990 2968 2194 3022 tmflighet,
2227 2945 2399 3018 nedtmfi’

298 3046 530 3098 indigentia.
586 3043 697 3084 Plura
720 3040 804 3080 vide
822 3038 922 3090 apud
943 3035 1121 3076 Waclzter.
1141 3034 1181 3074 in
1200 3031 1353 3073 Gloss'ar.
1382 3031 1416 3068 ὃ(
1438 3043 1528 3069 voce
1553 3026 1650 3078 darfl
2072 3015 2076 3018 ’
2389 2998 2398 3016 ⁹
