<?xml version="1.0" encoding="UTF-8"?>
<!DOCTYPE html PUBLIC "-//W3C//DTD XHTML 1.0 Transitional//EN"
    "http://www.w3.org/TR/xhtml1/DTD/xhtml1-transitional.dtd">
<html xmlns="http://www.w3.org/1999/xhtml" xml:lang="en" lang="en">
 <head>
  <title>
</title>
<meta http-equiv="Content-Type" content="text/html;charset=utf-8" />
  <meta name='ocr-system' content='tesseract 3.04.00' />
  <meta name='ocr-capabilities' content='ocr_page ocr_carea ocr_par ocr_line ocrx_word'/>
</head>
<body>
  <div class='ocr_page' id='page_1' title='image "./johannisabihresc00ihre_0217.png"; bbox 0 0 2473 3380; ppageno 0'>
   <div class='ocr_carea' id='block_1_1' title="bbox 244 127 2254 198">
    <p class='ocr_par' dir='ltr' id='par_1_1' title="bbox 244 127 2254 198">
     <span class='ocr_line' id='line_1_1' title="bbox 244 127 2254 198; baseline 0.002 -6"><span class='ocrx_word' id='word_1_1' title='bbox 244 139 350 192; x_wconf 90' lang='lat' dir='ltr'>DE</span> <span class='ocrx_word' id='word_1_2' title='bbox 388 135 652 192; x_wconf 86' lang='lat' dir='ltr'><em>CODICE</em></span> <span class='ocrx_word' id='word_1_3' title='bbox 684 127 999 190; x_wconf 70' lang='lat' dir='ltr'><em>ARGENT.</em></span> <span class='ocrx_word' id='word_1_4' title='bbox 1040 133 1151 188; x_wconf 87' lang='lat' dir='ltr'>ET</span> <span class='ocrx_word' id='word_1_5' title='bbox 1172 132 1539 190; x_wconf 75' lang='lat' dir='ltr'><em>LITI&#39;ERAT.</em></span> <span class='ocrx_word' id='word_1_6' title='bbox 1573 135 2038 195; x_wconf 75' lang='lat' dir='ltr'>MOESOGom.</span> <span class='ocrx_word' id='word_1_7' title='bbox 2159 154 2254 198; x_wconf 68' lang='lat'>201</span> 
     </span>
    </p>
   </div>
   <div class='ocr_carea' id='block_1_2' title="bbox 35 245 2269 848">
    <p class='ocr_par' dir='ltr' id='par_1_2' title="bbox 35 245 2269 848">
     <span class='ocr_line' id='line_1_2' title="bbox 172 245 2262 316; baseline 0.003 -16"><span class='ocrx_word' id='word_1_8' title='bbox 172 251 356 300; x_wconf 85' lang='lat' dir='ltr'>Ethanc</span> <span class='ocrx_word' id='word_1_9' title='bbox 379 247 559 296; x_wconf 88' lang='lat' dir='ltr'>eandem</span> <span class='ocrx_word' id='word_1_10' title='bbox 585 250 867 311; x_wconf 82' lang='lat' dir='ltr'>partitionem</span> <span class='ocrx_word' id='word_1_11' title='bbox 895 247 943 294; x_wconf 86' lang='lat' dir='ltr'>in</span> <span class='ocrx_word' id='word_1_12' title='bbox 961 245 1104 297; x_wconf 78' lang='lat' dir='ltr'>codice</span> <span class='ocrx_word' id='word_1_13' title='bbox 1128 259 1340 316; x_wconf 79' lang='lat' dir='ltr'>argenteo</span> <span class='ocrx_word' id='word_1_14' title='bbox 1367 247 1620 309; x_wconf 70' lang='lat' dir='ltr'>obtinuiss‘e,</span> <span class='ocrx_word' id='word_1_15' title='bbox 1650 252 1823 300; x_wconf 85' lang='lat' dir='ltr'>evidens</span> <span class='ocrx_word' id='word_1_16' title='bbox 1853 251 1928 301; x_wconf 84' lang='lat' dir='ltr'>est.</span> <span class='ocrx_word' id='word_1_17' title='bbox 1997 256 2119 303; x_wconf 91' lang='lat' dir='ltr'>Nam</span> <span class='ocrx_word' id='word_1_18' title='bbox 2147 256 2262 307; x_wconf 84' lang='lat' dir='ltr'>dum-</span> 
     </span>
     <span class='ocr_line' id='line_1_3' title="bbox 40 311 2260 384; baseline 0.002 -17"><span class='ocrx_word' id='word_1_19' title='bbox 40 336 92 367; x_wconf 85' lang='lat' dir='ltr'>ex</span> <span class='ocrx_word' id='word_1_20' title='bbox 113 314 331 368; x_wconf 79' lang='lat' dir='ltr'>Matthoei</span> <span class='ocrx_word' id='word_1_21' title='bbox 347 316 575 375; x_wconf 73' lang='lat' dir='ltr'>evangelio</span> <span class='ocrx_word' id='word_1_22' title='bbox 597 333 686 363; x_wconf 90' lang='lat' dir='ltr'>non</span> <span class='ocrx_word' id='word_1_23' title='bbox 706 315 784 362; x_wconf 83' lang='lat' dir='ltr'>nifi</span> <span class='ocrx_word' id='word_1_24' title='bbox 803 317 988 363; x_wconf 87' lang='lat' dir='ltr'>unicum</span> <span class='ocrx_word' id='word_1_25' title='bbox 1007 331 1031 362; x_wconf 87' lang='lat' dir='ltr'>a</span> <span class='ocrx_word' id='word_1_26' title='bbox 1049 311 1134 363; x_wconf 82' lang='lat' dir='ltr'>fine</span> <span class='ocrx_word' id='word_1_27' title='bbox 1156 314 1268 364; x_wconf 87' lang='lat' dir='ltr'>deest</span> <span class='ocrx_word' id='word_1_28' title='bbox 1294 315 1550 366; x_wconf 82' lang='lat' dir='ltr'>nostrarum</span> <span class='ocrx_word' id='word_1_29' title='bbox 1573 319 1821 367; x_wconf 88' lang='lat' dir='ltr'>editionum</span> <span class='ocrx_word' id='word_1_30' title='bbox 1850 334 2005 381; x_wconf 88' lang='lat' dir='ltr'>caput,</span> <span class='ocrx_word' id='word_1_31' title='bbox 2039 321 2083 368; x_wconf 69' lang='grc' dir='ltr'>ὅ(</span> <span class='ocrx_word' id='word_1_32' title='bbox 2102 339 2260 384; x_wconf 81' lang='lat' dir='ltr'>praece·</span> 
     </span>
     <span class='ocr_line' id='line_1_4' title="bbox 39 377 2263 444; baseline 0.002 -11"><span class='ocrx_word' id='word_1_33' title='bbox 39 386 143 433; x_wconf 88' lang='lat' dir='ltr'>dens</span> <span class='ocrx_word' id='word_1_34' title='bbox 161 382 411 430; x_wconf 87' lang='lat' dir='ltr'>vicefimum</span> <span class='ocrx_word' id='word_1_35' title='bbox 433 377 670 441; x_wconf 87' lang='lat' dir='ltr'>septimum</span> <span class='ocrx_word' id='word_1_36' title='bbox 688 378 880 430; x_wconf 58' lang='grc' dir='ltr'>κεφάλαιον</span> <span class='ocrx_word' id='word_1_37' title='bbox 901 397 924 444; x_wconf 84' lang='lat'><em>3</em></span> <span class='ocrx_word' id='word_1_38' title='bbox 938 397 998 442; x_wconf 82' lang='lat'>50</span> <span class='ocrx_word' id='word_1_39' title='bbox 1017 379 1214 444; x_wconf 84' lang='lat' dir='ltr'>praefert3</span> <span class='ocrx_word' id='word_1_40' title='bbox 1250 400 1418 432; x_wconf 90' lang='lat' dir='ltr'>certum</span> <span class='ocrx_word' id='word_1_41' title='bbox 1449 383 1529 442; x_wconf 90' lang='lat' dir='ltr'>est,</span> <span class='ocrx_word' id='word_1_42' title='bbox 1567 384 1977 433; x_wconf 87' lang='lat' dir='ltr'>duodetricefimum</span> <span class='ocrx_word' id='word_1_43' title='bbox 2003 389 2263 438; x_wconf 74' lang='lat' dir='ltr'>continuisse</span> 
     </span>
     <span class='ocr_line' id='line_1_5' title="bbox 38 441 2260 517; baseline 0.002 -19"><span class='ocrx_word' id='word_1_44' title='bbox 38 453 233 512; x_wconf 89' lang='lat' dir='ltr'>quinque</span> <span class='ocrx_word' id='word_1_45' title='bbox 253 446 473 510; x_wconf 87' lang='lat' dir='ltr'>postrema</span> <span class='ocrx_word' id='word_1_46' title='bbox 489 441 687 495; x_wconf 63' lang='lat' dir='ltr'>mcpa‘zam.</span> <span class='ocrx_word' id='word_1_47' title='bbox 756 446 879 492; x_wconf 89' lang='lat' dir='ltr'>Idem</span> <span class='ocrx_word' id='word_1_48' title='bbox 900 448 1134 498; x_wconf 81' lang='lat' dir='ltr'>deMarci</span> <span class='ocrx_word' id='word_1_49' title='bbox 1155 451 1381 511; x_wconf 85' lang='lat' dir='ltr'>evangelio</span> <span class='ocrx_word' id='word_1_50' title='bbox 1399 452 1535 510; x_wconf 83' lang='lat' dir='ltr'>valet,</span> <span class='ocrx_word' id='word_1_51' title='bbox 1570 454 1695 499; x_wconf 84' lang='lat' dir='ltr'>cuius</span> <span class='ocrx_word' id='word_1_52' title='bbox 1722 470 1813 500; x_wconf 89' lang='lat' dir='ltr'>non</span> <span class='ocrx_word' id='word_1_53' title='bbox 1840 450 1918 499; x_wconf 87' lang='lat' dir='ltr'>nisi</span> <span class='ocrx_word' id='word_1_54' title='bbox 1939 453 2260 517; x_wconf 71' lang='lat' dir='ltr'>undecim&#39;po-</span> 
     </span>
     <span class='ocr_line' id='line_1_6' title="bbox 39 511 2258 575; baseline 0.002 -10"><span class='ocrx_word' id='word_1_55' title='bbox 39 516 188 565; x_wconf 86' lang='lat' dir='ltr'>stremi</span> <span class='ocrx_word' id='word_1_56' title='bbox 207 512 401 563; x_wconf 82' lang='lat' dir='ltr'>versiculi</span> <span class='ocrx_word' id='word_1_57' title='bbox 421 511 732 569; x_wconf 83' lang='lat' dir='ltr'>desiderantur,</span> <span class='ocrx_word' id='word_1_58' title='bbox 768 511 889 573; x_wconf 92' lang='lat' dir='ltr'>quod</span> <span class='ocrx_word' id='word_1_59' title='bbox 907 515 1049 575; x_wconf 85' lang='lat' dir='ltr'>probe</span> <span class='ocrx_word' id='word_1_60' title='bbox 1069 515 1276 562; x_wconf 88' lang='lat' dir='ltr'>coincidit</span> <span class='ocrx_word' id='word_1_61' title='bbox 1295 533 1398 563; x_wconf 90' lang='lat' dir='ltr'>cum</span> <span class='ocrx_word' id='word_1_62' title='bbox 1419 518 1586 565; x_wconf 83' lang='lat' dir='ltr'>calculo</span> <span class='ocrx_word' id='word_1_63' title='bbox 1609 519 1788 575; x_wconf 78' lang='lat' dir='ltr'>Suidae,</span> <span class='ocrx_word' id='word_1_64' title='bbox 1823 519 1949 565; x_wconf 88' lang='lat' dir='ltr'>cuius</span> <span class='ocrx_word' id='word_1_65' title='bbox 1968 535 2177 568; x_wconf 88' lang='lat' dir='ltr'>numerus</span> <span class='ocrx_word' id='word_1_66' title='bbox 2194 522 2258 569; x_wconf 91' lang='lat' dir='ltr'>ul·</span> 
     </span>
     <span class='ocr_line' id='line_1_7' title="bbox 35 574 2260 644; baseline 0.003 -15"><span class='ocrx_word' id='word_1_67' title='bbox 35 584 172 630; x_wconf 88' lang='lat' dir='ltr'>timus</span> <span class='ocrx_word' id='word_1_68' title='bbox 193 579 251 628; x_wconf 91' lang='lat' dir='ltr'>est</span> <span class='ocrx_word' id='word_1_69' title='bbox 275 594 394 643; x_wconf 82' lang='lat'>233,</span> <span class='ocrx_word' id='word_1_70' title='bbox 425 595 473 626; x_wconf 91' lang='lat' dir='ltr'>ut</span> <span class='ocrx_word' id='word_1_71' title='bbox 491 578 600 625; x_wconf 88' lang='lat' dir='ltr'>adeo</span> <span class='ocrx_word' id='word_1_72' title='bbox 623 577 790 626; x_wconf 83' lang='lat' dir='ltr'>nonnifi</span> <span class='ocrx_word' id='word_1_73' title='bbox 812 579 893 624; x_wconf 88' lang='lat' dir='ltr'>tria</span> <span class='ocrx_word' id='word_1_74' title='bbox 910 574 1095 628; x_wconf 50' lang='lat' dir='ltr'>nevimus„</span> <span class='ocrx_word' id='word_1_75' title='bbox 1115 579 1427 639; x_wconf 83' lang='lat' dir='ltr'>desiderantur,</span> <span class='ocrx_word' id='word_1_76' title='bbox 1463 601 1561 644; x_wconf 82' lang='lat' dir='ltr'>quae</span> <span class='ocrx_word' id='word_1_77' title='bbox 1576 584 1695 632; x_wconf 87' lang='lat' dir='ltr'>haud</span> <span class='ocrx_word' id='word_1_78' title='bbox 1716 584 1849 633; x_wconf 88' lang='lat' dir='ltr'>dubie</span> <span class='ocrx_word' id='word_1_79' title='bbox 1870 583 2051 632; x_wconf 83' lang='lat' dir='ltr'>refiduis</span> <span class='ocrx_word' id='word_1_80' title='bbox 2070 586 2260 635; x_wconf 78' lang='lat' dir='ltr'>versibus</span> 
     </span>
     <span class='ocr_line' id='line_1_8' title="bbox 37 642 2261 713; baseline 0.003 -18"><span class='ocrx_word' id='word_1_81' title='bbox 37 650 230 695; x_wconf 89' lang='lat' dir='ltr'>contenti</span> <span class='ocrx_word' id='word_1_82' title='bbox 251 645 391 694; x_wconf 75' lang='lat' dir='ltr'>fuere.</span> <span class='ocrx_word' id='word_1_83' title='bbox 459 643 532 691; x_wconf 87' lang='lat' dir='ltr'>Est</span> <span class='ocrx_word' id='word_1_84' title='bbox 551 660 695 692; x_wconf 87' lang='lat' dir='ltr'>tamen</span> <span class='ocrx_word' id='word_1_85' title='bbox 717 647 827 691; x_wconf 85' lang='lat' dir='ltr'>circa</span> <span class='ocrx_word' id='word_1_86' title='bbox 845 642 1064 690; x_wconf 85' lang='lat' dir='ltr'>summam</span> <span class='ocrx_word' id='word_1_87' title='bbox 1085 647 1279 706; x_wconf 87' lang='lat' dir='ltr'>capitum</span> <span class='ocrx_word' id='word_1_88' title='bbox 1299 649 1459 697; x_wconf 79' lang='lat' dir='ltr'>Marci</span> <span class='ocrx_word' id='word_1_89' title='bbox 1479 650 1753 708; x_wconf 86' lang='lat' dir='ltr'>aliquantilla</span> <span class='ocrx_word' id='word_1_90' title='bbox 1773 648 2082 712; x_wconf 84' lang='lat' dir='ltr'>discrepantia,</span> <span class='ocrx_word' id='word_1_91' title='bbox 2118 670 2261 713; x_wconf 83' lang='lat' dir='ltr'>quum</span> 
     </span>
     <span class='ocr_line' id='line_1_9' title="bbox 37 708 2269 779; baseline 0.003 -18"><span class='ocrx_word' id='word_1_92' title='bbox 37 713 282 762; x_wconf 87' lang='lat' dir='ltr'>bibliorum</span> <span class='ocrx_word' id='word_1_93' title='bbox 306 713 441 760; x_wconf 87' lang='lat' dir='ltr'>codex</span> <span class='ocrx_word' id='word_1_94' title='bbox 471 713 599 773; x_wconf 85' lang='lat' dir='ltr'>regiae</span> <span class='ocrx_word' id='word_1_95' title='bbox 629 710 902 758; x_wconf 85' lang='lat' dir='ltr'>bibliothecae</span> <span class='ocrx_word' id='word_1_96' title='bbox 922 708 1119 756; x_wconf 80' lang='lat' dir='ltr'>Parifinae</span> <span class='ocrx_word' id='word_1_97' title='bbox 1145 710 1491 776; x_wconf 86' lang='lat' dir='ltr'>manuscriptus,</span> <span class='ocrx_word' id='word_1_98' title='bbox 1524 732 1656 774; x_wconf 89' lang='lat' dir='ltr'>quem</span> <span class='ocrx_word' id='word_1_99' title='bbox 1687 721 1788 765; x_wconf 84' lang='lat' dir='ltr'>citat</span> <span class='ocrx_word' id='word_1_100' title='bbox 1806 719 2068 767; x_wconf 77' lang='lat' dir='ltr'>Richardus</span> <span class='ocrx_word' id='word_1_101' title='bbox 2089 719 2269 779; x_wconf 80' lang='lat' dir='ltr'>Simon,-</span> 
     </span>
     <span class='ocr_line' id='line_1_10' title="bbox 39 775 2265 848; baseline 0.002 -19"><span class='ocrx_word' id='word_1_102' title='bbox 39 778 138 846; x_wconf 78' lang='lat' dir='ltr'>lnst.</span> <span class='ocrx_word' id='word_1_103' title='bbox 166 784 336 829; x_wconf 82' lang='lat' dir='ltr'>criticae</span> <span class='ocrx_word' id='word_1_104' title='bbox 366 780 489 828; x_wconf 86' lang='lat' dir='ltr'>Novi</span> <span class='ocrx_word' id='word_1_105' title='bbox 516 775 625 844; x_wconf 78' lang='lat' dir='ltr'>Test.</span> <span class='ocrx_word' id='word_1_106' title='bbox 660 780 802 825; x_wconf 65' lang='lat' dir='ltr'>Tom0</span> <span class='ocrx_word' id='word_1_107' title='bbox 822 779 855 822; x_wconf 88' lang='grc' dir='ltr'>Ι.</span> <span class='ocrx_word' id='word_1_108' title='bbox 890 778 997 837; x_wconf 86' lang='lat' dir='ltr'>Cap.</span> <span class='ocrx_word' id='word_1_109' title='bbox 1026 792 1101 841; x_wconf 83' lang='lat'>33.</span> <span class='ocrx_word' id='word_1_110' title='bbox 1132 795 1177 838; x_wconf 91' lang='lat' dir='ltr'>p.</span> <span class='ocrx_word' id='word_1_111' title='bbox 1200 794 1312 840; x_wconf 88' lang='lat'>424.</span> <span class='ocrx_word' id='word_1_112' title='bbox 1348 797 1587 828; x_wconf 88' lang='lat' dir='ltr'>numerum</span> <span class='ocrx_word' id='word_1_113' title='bbox 1616 779 1816 832; x_wconf 57' lang='grc' dir='ltr'>κεφαλαίων</span> <span class='ocrx_word' id='word_1_114' title='bbox 1845 784 2044 831; x_wconf 85' lang='lat' dir='ltr'>exhibeat</span> <span class='ocrx_word' id='word_1_115' title='bbox 2063 799 2186 848; x_wconf 83' lang='lat'>234,</span> <span class='ocrx_word' id='word_1_116' title='bbox 2218 785 2265 833; x_wconf 76' lang='grc' dir='ltr'>ὄε</span> 
     </span>
    </p>
   </div>
   <div class='ocr_carea' id='block_1_3' title="bbox 39 842 2264 975">
    <p class='ocr_par' dir='ltr' id='par_1_3' title="bbox 39 842 2264 975">
     <span class='ocr_line' id='line_1_11' title="bbox 39 842 2264 914; baseline -0.004 -17"><span class='ocrx_word' id='word_1_117' title='bbox 39 845 200 897; x_wconf 75' lang='lat' dir='ltr'>Suidae</span> <span class='ocrx_word' id='word_1_118' title='bbox 219 846 347 893; x_wconf 85' lang='lat' dir='ltr'>verba</span> <span class='ocrx_word' id='word_1_119' title='bbox 366 863 456 892; x_wconf 92' lang='lat' dir='ltr'>non</span> <span class='ocrx_word' id='word_1_120' title='bbox 476 843 574 891; x_wconf 87' lang='lat' dir='ltr'>satis</span> <span class='ocrx_word' id='word_1_121' title='bbox 592 842 777 892; x_wconf 86' lang='lat' dir='ltr'>fideliter</span> <span class='ocrx_word' id='word_1_122' title='bbox 795 842 1070 891; x_wconf 85' lang='lat' dir='ltr'>exhibuerint</span> <span class='ocrx_word' id='word_1_123' title='bbox 1097 861 1252 894; x_wconf 86' lang='lat' dir='ltr'>omnes</span> <span class='ocrx_word' id='word_1_124' title='bbox 1278 844 1467 900; x_wconf 80' lang='lat' dir='ltr'>librarii.</span> <span class='ocrx_word' id='word_1_125' title='bbox 1495 864 1539 898; x_wconf 83' lang='lat' dir='ltr'>v.</span> <span class='ocrx_word' id='word_1_126' title='bbox 1559 848 1745 914; x_wconf 71' lang='lat' dir='ltr'>Kzfieri</span> <span class='ocrx_word' id='word_1_127' title='bbox 1762 861 1911 900; x_wconf 67' lang='lat' dir='ltr'>notas.</span> <span class='ocrx_word' id='word_1_128' title='bbox 1976 851 2062 900; x_wconf 82' lang='lat' dir='ltr'>sed</span> <span class='ocrx_word' id='word_1_129' title='bbox 2082 852 2264 901; x_wconf 60' lang='lat' dir='ltr'>levicula</span> 
     </span>
     <span class='ocr_line' id='line_1_12' title="bbox 40 911 538 975; baseline -0.008 -13"><span class='ocrx_word' id='word_1_130' title='bbox 40 912 100 962; x_wconf 88' lang='lat' dir='ltr'>est</span> <span class='ocrx_word' id='word_1_131' title='bbox 118 913 210 962; x_wconf 84' lang='lat' dir='ltr'>haec</span> <span class='ocrx_word' id='word_1_132' title='bbox 235 911 538 975; x_wconf 72' lang='lat' dir='ltr'>discrepantia,</span> 
     </span>
    </p>
   </div>
   <div class='ocr_carea' id='block_1_4' title="bbox 1023 1023 1290 1080">
    <p class='ocr_par' dir='ltr' id='par_1_4' title="bbox 1023 1023 1290 1080">
     <span class='ocr_line' id='line_1_13' title="bbox 1023 1023 1290 1080; baseline 0.007 -11"><span class='ocrx_word' id='word_1_133' title='bbox 1023 1023 1062 1080; x_wconf 65' lang='lat'>§0</span> <span class='ocrx_word' id='word_1_134' title='bbox 1131 1024 1290 1071; x_wconf 79' lang='lat' dir='ltr'>xxm.</span> 
     </span>
    </p>
   </div>
   <div class='ocr_carea' id='block_1_5' title="bbox 41 1107 2326 1904">
    <p class='ocr_par' dir='ltr' id='par_1_5' title="bbox 41 1107 2271 1374">
     <span class='ocr_line' id='line_1_14' title="bbox 175 1107 2271 1171; baseline 0.003 -15"><span class='ocrx_word' id='word_1_135' title='bbox 175 1109 278 1168; x_wconf 86' lang='lat' dir='ltr'>Illa,</span> <span class='ocrx_word' id='word_1_136' title='bbox 313 1126 407 1171; x_wconf 89' lang='lat' dir='ltr'>quae</span> <span class='ocrx_word' id='word_1_137' title='bbox 428 1110 516 1156; x_wconf 89' lang='lat' dir='ltr'>iam</span> <span class='ocrx_word' id='word_1_138' title='bbox 536 1107 675 1156; x_wconf 92' lang='lat' dir='ltr'>modo</span> <span class='ocrx_word' id='word_1_139' title='bbox 693 1107 947 1167; x_wconf 81' lang='lat' dir='ltr'>attulimus,</span> <span class='ocrx_word' id='word_1_140' title='bbox 980 1125 1030 1157; x_wconf 90' lang='lat' dir='ltr'>ut</span> <span class='ocrx_word' id='word_1_141' title='bbox 1047 1112 1093 1157; x_wconf 88' lang='lat' dir='ltr'>id</span> <span class='ocrx_word' id='word_1_142' title='bbox 1110 1111 1226 1158; x_wconf 90' lang='lat' dir='ltr'>velut</span> <span class='ocrx_word' id='word_1_143' title='bbox 1246 1114 1292 1157; x_wconf 91' lang='lat' dir='ltr'>in</span> <span class='ocrx_word' id='word_1_144' title='bbox 1316 1109 1562 1160; x_wconf 87' lang='lat' dir='ltr'>transcursu</span> <span class='ocrx_word' id='word_1_145' title='bbox 1589 1128 1873 1170; x_wconf 81' lang='lat' dir='ltr'>moneamus,</span> <span class='ocrx_word' id='word_1_146' title='bbox 1907 1109 2007 1160; x_wconf 72' lang='lat' dir='ltr'>satiS</span> <span class='ocrx_word' id='word_1_147' title='bbox 2035 1129 2271 1163; x_wconf 70' lang='lat' dir='ltr'>common·</span> 
     </span>
     <span class='ocr_line' id='line_1_15' title="bbox 41 1172 2266 1240; baseline 0.003 -16"><span class='ocrx_word' id='word_1_148' title='bbox 41 1175 196 1234; x_wconf 85' lang='lat' dir='ltr'>strant,</span> <span class='ocrx_word' id='word_1_149' title='bbox 231 1179 446 1223; x_wconf 86' lang='lat' dir='ltr'>memoria</span> <span class='ocrx_word' id='word_1_150' title='bbox 466 1175 637 1237; x_wconf 88' lang='lat' dir='ltr'>lapsum</span> <span class='ocrx_word' id='word_1_151' title='bbox 665 1172 793 1222; x_wconf 89' lang='lat' dir='ltr'>fuisse</span> <span class='ocrx_word' id='word_1_152' title='bbox 821 1177 967 1222; x_wconf 88' lang='lat' dir='ltr'>virum</span> <span class='ocrx_word' id='word_1_153' title='bbox 995 1176 1142 1223; x_wconf 83' lang='lat' dir='ltr'>multae</span> <span class='ocrx_word' id='word_1_154' title='bbox 1169 1176 1571 1240; x_wconf 81' lang='lat' dir='ltr'>elegantiffimaeque</span> <span class='ocrx_word' id='word_1_155' title='bbox 1602 1178 1885 1235; x_wconf 76' lang='lat' dir='ltr'>eruditioniS,</span> <span class='ocrx_word' id='word_1_156' title='bbox 1917 1180 1990 1230; x_wconf 83' lang='lat' dir='ltr'>ol.</span> <span class='ocrx_word' id='word_1_157' title='bbox 2011 1179 2266 1240; x_wconf 73' lang='lat' dir='ltr'>Wrelium,</span> 
     </span>
     <span class='ocr_line' id='line_1_16' title="bbox 45 1239 2266 1310; baseline 0.003 -19"><span class='ocrx_word' id='word_1_158' title='bbox 45 1245 150 1291; x_wconf 86' lang='lat' dir='ltr'>dum</span> <span class='ocrx_word' id='word_1_159' title='bbox 173 1246 217 1290; x_wconf 89' lang='lat' dir='ltr'>in</span> <span class='ocrx_word' id='word_1_160' title='bbox 237 1239 553 1309; x_wconf 80' lang='lat' dir='ltr'>runographia</span> <span class='ocrx_word' id='word_1_161' title='bbox 573 1240 669 1299; x_wconf 87' lang='lat' dir='ltr'>sua,</span> <span class='ocrx_word' id='word_1_162' title='bbox 703 1242 746 1289; x_wconf 74' lang='grc' dir='ltr'>ἃ</span> <span class='ocrx_word' id='word_1_163' title='bbox 777 1240 877 1303; x_wconf 91' lang='lat' dir='ltr'>post</span> <span class='ocrx_word' id='word_1_164' title='bbox 905 1242 1031 1290; x_wconf 89' lang='lat' dir='ltr'>illum</span> <span class='ocrx_word' id='word_1_165' title='bbox 1052 1242 1281 1310; x_wconf 73' lang='lat' dir='ltr'>Hickessus</span> <span class='ocrx_word' id='word_1_166' title='bbox 1308 1245 1456 1303; x_wconf 68' lang='lat' dir='ltr'>tradit2</span> <span class='ocrx_word' id='word_1_167' title='bbox 1494 1261 1613 1294; x_wconf 89' lang='lat' dir='ltr'>certo</span> <span class='ocrx_word' id='word_1_168' title='bbox 1639 1244 1769 1294; x_wconf 86' lang='lat' dir='ltr'>nobis</span> <span class='ocrx_word' id='word_1_169' title='bbox 1796 1262 2088 1297; x_wconf 82' lang='lat' dir='ltr'>numerorum</span> <span class='ocrx_word' id='word_1_170' title='bbox 2105 1248 2266 1297; x_wconf 86' lang='lat' dir='ltr'>Gothi-</span> 
     </span>
     <span class='ocr_line' id='line_1_17' title="bbox 44 1306 1565 1374; baseline 0.001 -16"><span class='ocrx_word' id='word_1_171' title='bbox 44 1326 203 1362; x_wconf 77' lang='lat' dir='ltr'>corum</span> <span class='ocrx_word' id='word_1_172' title='bbox 219 1311 422 1360; x_wconf 85' lang='lat' dir='ltr'>ordinem</span> <span class='ocrx_word' id='word_1_173' title='bbox 443 1326 583 1371; x_wconf 87' lang='lat' dir='ltr'>usque</span> <span class='ocrx_word' id='word_1_174' title='bbox 603 1310 657 1357; x_wconf 86' lang='lat' dir='ltr'>ad</span> <span class='ocrx_word' id='word_1_175' title='bbox 678 1317 776 1359; x_wconf 91' lang='lat'>600</span> <span class='ocrx_word' id='word_1_176' title='bbox 796 1306 1009 1367; x_wconf 88' lang='lat' dir='ltr'>constare,</span> <span class='ocrx_word' id='word_1_177' title='bbox 1045 1312 1104 1357; x_wconf 91' lang='lat' dir='ltr'>ita</span> <span class='ocrx_word' id='word_1_178' title='bbox 1124 1311 1330 1374; x_wconf 85' lang='lat' dir='ltr'>quidem,</span> <span class='ocrx_word' id='word_1_179' title='bbox 1366 1327 1414 1359; x_wconf 92' lang='lat' dir='ltr'>ut</span> <span class='ocrx_word' id='word_1_180' title='bbox 1443 1326 1565 1359; x_wconf 89' lang='lat' dir='ltr'>notet</span> 
     </span>
    </p>

    <p class='ocr_par' dir='ltr' id='par_1_6' title="bbox 46 1378 2326 1904">
     <span class='ocr_line' id='line_1_18' title="bbox 710 1378 1583 1439; baseline 0.005 -17"><span class='ocrx_word' id='word_1_181' title='bbox 710 1378 750 1422; x_wconf 91' lang='lat' dir='ltr'><strong>F</strong></span> <span class='ocrx_word' id='word_1_182' title='bbox 959 1403 977 1413; x_wconf 85' lang='lat'><strong>·</strong></span> <span class='ocrx_word' id='word_1_183' title='bbox 1177 1405 1194 1415; x_wconf 93' lang='lat'>-</span> <span class='ocrx_word' id='word_1_184' title='bbox 1396 1405 1414 1416; x_wconf 89' lang='lat'><strong>·</strong></span> <span class='ocrx_word' id='word_1_185' title='bbox 1481 1391 1583 1439; x_wconf 91' lang='lat'>400</span> 
     </span>
     <span class='ocr_line' id='line_1_19' title="bbox 715 1443 1589 1504; baseline 0.007 -16"><span class='ocrx_word' id='word_1_186' title='bbox 715 1443 758 1488; x_wconf 92' lang='grc' dir='ltr'>Ο</span> <span class='ocrx_word' id='word_1_187' title='bbox 959 1469 978 1481; x_wconf 87' lang='lat'><strong>·</strong></span> <span class='ocrx_word' id='word_1_188' title='bbox 1178 1471 1195 1481; x_wconf 91' lang='lat'>-</span> <span class='ocrx_word' id='word_1_189' title='bbox 1399 1472 1416 1481; x_wconf 90' lang='lat'><strong>·</strong></span> <span class='ocrx_word' id='word_1_190' title='bbox 1485 1458 1589 1504; x_wconf 32' lang='lat'>*500</span> 
     </span>
     <span class='ocr_line' id='line_1_20' title="bbox 711 1510 1601 1562; baseline 0.008 -9"><span class='ocrx_word' id='word_1_191' title='bbox 711 1510 755 1553; x_wconf 83' lang='lat' dir='ltr'>V</span> <span class='ocrx_word' id='word_1_192' title='bbox 962 1537 979 1546; x_wconf 82' lang='lat'>·</span> <span class='ocrx_word' id='word_1_193' title='bbox 1179 1538 1197 1549; x_wconf 82' lang='grc'>·</span> <span class='ocrx_word' id='word_1_194' title='bbox 1394 1537 1416 1549; x_wconf 61' lang='lat'>⁵*</span> <span class='ocrx_word' id='word_1_195' title='bbox 1485 1517 1601 1562; x_wconf 76' lang='lat'><em>6000</em></span> 
     </span>
     <span class='ocr_line' id='line_1_21' title="bbox 178 1573 2266 1643; baseline 0.003 -18"><span class='ocrx_word' id='word_1_196' title='bbox 178 1579 244 1625; x_wconf 89' lang='lat' dir='ltr'>Ex</span> <span class='ocrx_word' id='word_1_197' title='bbox 261 1577 398 1626; x_wconf 86' lang='lat' dir='ltr'>allatis</span> <span class='ocrx_word' id='word_1_198' title='bbox 418 1577 585 1639; x_wconf 87' lang='lat' dir='ltr'>quippe</span> <span class='ocrx_word' id='word_1_199' title='bbox 604 1575 777 1625; x_wconf 87' lang='lat' dir='ltr'>evidens</span> <span class='ocrx_word' id='word_1_200' title='bbox 798 1573 881 1632; x_wconf 86' lang='lat' dir='ltr'>est,</span> <span class='ocrx_word' id='word_1_201' title='bbox 916 1592 969 1622; x_wconf 92' lang='lat' dir='ltr'>eo</span> <span class='ocrx_word' id='word_1_202' title='bbox 988 1593 1128 1637; x_wconf 89' lang='lat' dir='ltr'>usque</span> <span class='ocrx_word' id='word_1_203' title='bbox 1161 1576 1455 1640; x_wconf 88' lang='lat' dir='ltr'>capitulorum</span> <span class='ocrx_word' id='word_1_204' title='bbox 1483 1593 1722 1625; x_wconf 89' lang='lat' dir='ltr'>numerum</span> <span class='ocrx_word' id='word_1_205' title='bbox 1749 1595 1840 1627; x_wconf 89' lang='lat' dir='ltr'>non</span> <span class='ocrx_word' id='word_1_206' title='bbox 1866 1577 2097 1643; x_wconf 82' lang='lat' dir='ltr'>assurgere.</span> <span class='ocrx_word' id='word_1_207' title='bbox 2165 1584 2266 1632; x_wconf 82' lang='lat' dir='ltr'>Nec</span> 
     </span>
     <span class='ocr_line' id='line_1_22' title="bbox 46 1640 2144 1708; baseline 0.002 -16"><span class='ocrx_word' id='word_1_208' title='bbox 46 1641 181 1692; x_wconf 83' lang='lat' dir='ltr'>fidem</span> <span class='ocrx_word' id='word_1_209' title='bbox 207 1647 343 1708; x_wconf 83' lang='lat' dir='ltr'>magis</span> <span class='ocrx_word' id='word_1_210' title='bbox 364 1660 558 1691; x_wconf 88' lang='lat' dir='ltr'>meretur</span> <span class='ocrx_word' id='word_1_211' title='bbox 577 1644 696 1691; x_wconf 89' lang='lat' dir='ltr'>idem</span> <span class='ocrx_word' id='word_1_212' title='bbox 715 1644 784 1688; x_wconf 90' lang='lat' dir='ltr'>vir</span> <span class='ocrx_word' id='word_1_213' title='bbox 805 1640 982 1700; x_wconf 70' lang='grc' dir='ltr'>ἂοξὶιιε,</span> <span class='ocrx_word' id='word_1_214' title='bbox 1019 1645 1128 1692; x_wconf 90' lang='lat' dir='ltr'>dum</span> <span class='ocrx_word' id='word_1_215' title='bbox 1149 1641 1205 1691; x_wconf 64' lang='lat' dir='ltr'>ex&gt;</span> <span class='ocrx_word' id='word_1_216' title='bbox 1220 1642 1469 1693; x_wconf 68' lang='lat' dir='ltr'>coniestura</span> <span class='ocrx_word' id='word_1_217' title='bbox 1496 1645 1608 1692; x_wconf 87' lang='lat' dir='ltr'>duos</span> <span class='ocrx_word' id='word_1_218' title='bbox 1629 1643 1850 1706; x_wconf 86' lang='lat' dir='ltr'>sequentes</span> <span class='ocrx_word' id='word_1_219' title='bbox 1870 1648 1932 1695; x_wconf 86' lang='lat' dir='ltr'>ita</span> <span class='ocrx_word' id='word_1_220' title='bbox 1948 1648 2144 1707; x_wconf 88' lang='lat' dir='ltr'>collocat,</span> 
     </span>
     <span class='ocr_line' id='line_1_23' title="bbox 689 1712 1611 1773; baseline 0.008 -20"><span class='ocrx_word' id='word_1_221' title='bbox 689 1712 785 1772; x_wconf 73' lang='lat' dir='ltr'>QH</span> <span class='ocrx_word' id='word_1_222' title='bbox 990 1737 1004 1746; x_wconf 93' lang='lat'>-</span> <span class='ocrx_word' id='word_1_223' title='bbox 1203 1738 1221 1748; x_wconf 94' lang='lat'>-</span> <span class='ocrx_word' id='word_1_224' title='bbox 1423 1739 1441 1748; x_wconf 90' lang='lat'>-</span> <span class='ocrx_word' id='word_1_225' title='bbox 1509 1724 1611 1773; x_wconf 89' lang='lat'>700</span> 
     </span>
     <span class='ocr_line' id='line_1_24' title="bbox 689 1777 1627 1834; baseline 0.006 -13"><span class='ocrx_word' id='word_1_226' title='bbox 689 1777 779 1822; x_wconf 90' lang='lat' dir='ltr'>CH</span> <span class='ocrx_word' id='word_1_227' title='bbox 985 1802 1004 1814; x_wconf 92' lang='lat'>-</span> <span class='ocrx_word' id='word_1_228' title='bbox 1205 1804 1223 1814; x_wconf 87' lang='lat'>-</span> <span class='ocrx_word' id='word_1_229' title='bbox 1426 1805 1443 1814; x_wconf 92' lang='lat'>-</span> <span class='ocrx_word' id='word_1_230' title='bbox 1515 1787 1627 1834; x_wconf 80' lang='lat'>800.</span> 
     </span>
     <span class='ocr_line' id='line_1_25' title="bbox 179 1838 2326 1904; baseline 0.001 -14"><span class='ocrx_word' id='word_1_231' title='bbox 179 1839 416 1892; x_wconf 61' lang='lat' dir='ltr'>DiEiorum</span> <span class='ocrx_word' id='word_1_232' title='bbox 436 1843 650 1888; x_wconf 88' lang='lat' dir='ltr'>rationem</span> <span class='ocrx_word' id='word_1_233' title='bbox 669 1858 772 1889; x_wconf 81' lang='lat' dir='ltr'>mox</span> <span class='ocrx_word' id='word_1_234' title='bbox 793 1838 946 1888; x_wconf 87' lang='lat' dir='ltr'>sumus</span> <span class='ocrx_word' id='word_1_235' title='bbox 970 1841 1136 1888; x_wconf 87' lang='lat' dir='ltr'>daturi:</span> <span class='ocrx_word' id='word_1_236' title='bbox 1168 1860 1285 1890; x_wconf 87' lang='lat' dir='ltr'>nune</span> <span class='ocrx_word' id='word_1_237' title='bbox 1303 1857 1473 1890; x_wconf 82' lang='lat' dir='ltr'>tantum</span> <span class='ocrx_word' id='word_1_238' title='bbox 1499 1843 1639 1891; x_wconf 88' lang='lat' dir='ltr'>tribus</span> <span class='ocrx_word' id='word_1_239' title='bbox 1668 1841 1810 1891; x_wconf 82' lang='lat' dir='ltr'>verbis</span> <span class='ocrx_word' id='word_1_240' title='bbox 1838 1842 2143 1904; x_wconf 79' lang='lat' dir='ltr'>monebimuS,</span> <span class='ocrx_word' id='word_1_241' title='bbox 2176 1843 2270 1897; x_wconf 69' lang='lat' dir='ltr'>Ve-</span> <span class='ocrx_word' id='word_1_242' title='bbox 2323 1860 2326 1863; x_wconf 88' lang='grc'>·</span> 
     </span>
    </p>
   </div>
   <div class='ocr_carea' id='block_1_6' title="bbox 0 1908 2273 2105">
    <p class='ocr_par' dir='ltr' id='par_1_7' title="bbox 0 1908 2273 2105">
     <span class='ocr_line' id='line_1_26' title="bbox 0 1908 2271 1970; baseline 0 -8"><span class='ocrx_word' id='word_1_243' title='bbox 0 1960 5 1961; x_wconf 22' lang='lat'><em>⁷</em></span> <span class='ocrx_word' id='word_1_244' title='bbox 49 1910 216 1961; x_wconf 75' lang='lat' dir='ltr'>reliam</span> <span class='ocrx_word' id='word_1_245' title='bbox 242 1908 483 1965; x_wconf 68' lang='lat' dir='ltr'>austorem,</span> <span class='ocrx_word' id='word_1_246' title='bbox 505 1911 650 1955; x_wconf 87' lang='lat' dir='ltr'>virum</span> <span class='ocrx_word' id='word_1_247' title='bbox 672 1908 1004 1955; x_wconf 88' lang='lat' dir='ltr'>celeberrimum</span> <span class='ocrx_word' id='word_1_248' title='bbox 1032 1909 1237 1970; x_wconf 85' lang='lat' dir='ltr'>mihique</span> <span class='ocrx_word' id='word_1_249' title='bbox 1263 1908 1570 1958; x_wconf 80' lang='lat' dir='ltr'>amiciffimum</span> <span class='ocrx_word' id='word_1_250' title='bbox 1598 1913 1735 1958; x_wconf 80' lang='lat' dir='ltr'>Dom.</span> <span class='ocrx_word' id='word_1_251' title='bbox 1771 1908 1907 1959; x_wconf 81' lang='lat' dir='ltr'>Affes.</span> <span class='ocrx_word' id='word_1_252' title='bbox 1941 1912 2136 1961; x_wconf 84' lang='lat' dir='ltr'>Ericum</span> <span class='ocrx_word' id='word_1_253' title='bbox 2164 1914 2271 1963; x_wconf 81' lang='lat' dir='ltr'>Sot-</span> 
     </span>
     <span class='ocr_line' id='line_1_27' title="bbox 50 1973 2271 2044; baseline 0 -18"><span class='ocrx_word' id='word_1_254' title='bbox 50 1978 184 2044; x_wconf 72' lang='lat' dir='ltr'>berg,</span> <span class='ocrx_word' id='word_1_255' title='bbox 218 1993 290 2023; x_wconf 87' lang='lat' dir='ltr'>me</span> <span class='ocrx_word' id='word_1_256' title='bbox 318 1993 408 2022; x_wconf 89' lang='lat' dir='ltr'>non</span> <span class='ocrx_word' id='word_1_257' title='bbox 434 1975 668 2031; x_wconf 83' lang='lat' dir='ltr'>abnuente,</span> <span class='ocrx_word' id='word_1_258' title='bbox 703 1976 749 2020; x_wconf 90' lang='lat' dir='ltr'>in</span> <span class='ocrx_word' id='word_1_259' title='bbox 785 1973 984 2040; x_wconf 76' lang='lat' dir='ltr'>Ulplzz&#39;la</span> <span class='ocrx_word' id='word_1_260' title='bbox 1013 1976 1237 2038; x_wconf 69' lang='lat' dir='ltr'>illustrato</span> <span class='ocrx_word' id='word_1_261' title='bbox 1264 1974 1462 2022; x_wconf 88' lang='lat' dir='ltr'>secutum</span> <span class='ocrx_word' id='word_1_262' title='bbox 1497 1975 1605 2025; x_wconf 76' lang='lat' dir='ltr'>esset</span> <span class='ocrx_word' id='word_1_263' title='bbox 1638 1973 1711 2023; x_wconf 88' lang='lat' dir='ltr'>sed</span> <span class='ocrx_word' id='word_1_264' title='bbox 1737 1976 1826 2022; x_wconf 87' lang='lat' dir='ltr'>dies</span> <span class='ocrx_word' id='word_1_265' title='bbox 1859 1977 1978 2023; x_wconf 90' lang='lat' dir='ltr'>diem</span> <span class='ocrx_word' id='word_1_266' title='bbox 2006 1979 2156 2035; x_wconf 89' lang='lat' dir='ltr'>docet,</span> <span class='ocrx_word' id='word_1_267' title='bbox 2191 1997 2271 2027; x_wconf 87' lang='lat' dir='ltr'>nec</span> 
     </span>
     <span class='ocr_line' id='line_1_28' title="bbox 53 2039 2273 2105; baseline 0.001 -15"><span class='ocrx_word' id='word_1_268' title='bbox 53 2047 288 2104; x_wconf 87' lang='lat' dir='ltr'>quisquam</span> <span class='ocrx_word' id='word_1_269' title='bbox 307 2042 504 2088; x_wconf 89' lang='lat' dir='ltr'>alterutri</span> <span class='ocrx_word' id='word_1_270' title='bbox 522 2040 721 2088; x_wconf 85' lang='lat' dir='ltr'>nostrum</span> <span class='ocrx_word' id='word_1_271' title='bbox 749 2039 1036 2098; x_wconf 87' lang='lat' dir='ltr'>succensebit,</span> <span class='ocrx_word' id='word_1_272' title='bbox 1070 2041 1104 2088; x_wconf 74' lang='lat' dir='ltr'>fi&#39;</span> <span class='ocrx_word' id='word_1_273' title='bbox 1131 2044 1176 2088; x_wconf 91' lang='lat' dir='ltr'>in</span> <span class='ocrx_word' id='word_1_274' title='bbox 1205 2058 1296 2089; x_wconf 90' lang='lat' dir='ltr'>tam</span> <span class='ocrx_word' id='word_1_275' title='bbox 1325 2039 1440 2089; x_wconf 68' lang='lat' dir='ltr'>arsta</span> <span class='ocrx_word' id='word_1_276' title='bbox 1473 2040 1764 2090; x_wconf 75' lang='lat' dir='ltr'>subsidiorum</span> <span class='ocrx_word' id='word_1_277' title='bbox 1793 2044 1924 2105; x_wconf 88' lang='lat' dir='ltr'>copia</span> <span class='ocrx_word' id='word_1_278' title='bbox 1951 2043 2095 2091; x_wconf 82' lang='lat' dir='ltr'>statim</span> <span class='ocrx_word' id='word_1_279' title='bbox 2119 2047 2273 2094; x_wconf 83' lang='lat' dir='ltr'>omnia</span> 
     </span>
    </p>
   </div>
   <div class='ocr_carea' id='block_1_7' title="bbox 55 2107 2275 2236">
    <p class='ocr_par' dir='ltr' id='par_1_8' title="bbox 55 2107 2275 2236">
     <span class='ocr_line' id='line_1_29' title="bbox 56 2107 2273 2175; baseline 0.001 -19"><span class='ocrx_word' id='word_1_280' title='bbox 56 2128 145 2156; x_wconf 90' lang='lat' dir='ltr'>non</span> <span class='ocrx_word' id='word_1_281' title='bbox 177 2109 472 2175; x_wconf 77' lang='lat' dir='ltr'>pervidimus.</span> <span class='ocrx_word' id='word_1_282' title='bbox 536 2111 639 2170; x_wconf 81' lang='lat' dir='ltr'>Qo</span> <span class='ocrx_word' id='word_1_283' title='bbox 668 2123 772 2154; x_wconf 87' lang='lat' dir='ltr'>vero</span> <span class='ocrx_word' id='word_1_284' title='bbox 803 2108 956 2154; x_wconf 87' lang='lat' dir='ltr'>ordine</span> <span class='ocrx_word' id='word_1_285' title='bbox 983 2125 1064 2155; x_wconf 89' lang='lat' dir='ltr'>nos</span> <span class='ocrx_word' id='word_1_286' title='bbox 1089 2108 1274 2165; x_wconf 86' lang='lat' dir='ltr'>litteras,</span> <span class='ocrx_word' id='word_1_287' title='bbox 1310 2108 1376 2165; x_wconf 85' lang='lat'>&amp;,</span> <span class='ocrx_word' id='word_1_288' title='bbox 1411 2110 1534 2169; x_wconf 89' lang='lat' dir='ltr'>quod</span> <span class='ocrx_word' id='word_1_289' title='bbox 1564 2110 1682 2156; x_wconf 87' lang='lat' dir='ltr'>idem</span> <span class='ocrx_word' id='word_1_290' title='bbox 1711 2107 1790 2167; x_wconf 88' lang='lat' dir='ltr'>est,</span> <span class='ocrx_word' id='word_1_291' title='bbox 1825 2127 2033 2157; x_wconf 82' lang='lat' dir='ltr'>numeros</span> <span class='ocrx_word' id='word_1_292' title='bbox 2053 2111 2273 2159; x_wconf 81' lang='lat' dir='ltr'>Gothicos</span> 
     </span>
     <span class='ocr_line' id='line_1_30' title="bbox 55 2171 2275 2236; baseline 0 -13"><span class='ocrx_word' id='word_1_293' title='bbox 55 2175 333 2223; x_wconf 73' lang='lat' dir='ltr'>cOllocandos</span> <span class='ocrx_word' id='word_1_294' title='bbox 362 2172 442 2220; x_wconf 78' lang='lat' dir='ltr'>eise</span> <span class='ocrx_word' id='word_1_295' title='bbox 470 2190 585 2219; x_wconf 89' lang='lat' dir='ltr'>nunc</span> <span class='ocrx_word' id='word_1_296' title='bbox 611 2171 925 2232; x_wconf 83' lang='lat' dir='ltr'>existimemus,</span> <span class='ocrx_word' id='word_1_297' title='bbox 955 2191 1116 2221; x_wconf 86' lang='lat' dir='ltr'>annexa</span> <span class='ocrx_word' id='word_1_298' title='bbox 1136 2175 1309 2222; x_wconf 83' lang='lat' dir='ltr'>Tabula</span> <span class='ocrx_word' id='word_1_299' title='bbox 1337 2177 1397 2221; x_wconf 93' lang='lat' dir='ltr'>III</span> <span class='ocrx_word' id='word_1_300' title='bbox 1427 2175 1660 2231; x_wconf 84' lang='lat' dir='ltr'>indicabit,</span> <span class='ocrx_word' id='word_1_301' title='bbox 1693 2175 1772 2222; x_wconf 89' lang='lat' dir='ltr'>ubi</span> <span class='ocrx_word' id='word_1_302' title='bbox 1799 2178 1945 2236; x_wconf 86' lang='lat' dir='ltr'>prima</span> <span class='ocrx_word' id='word_1_303' title='bbox 1970 2177 2084 2223; x_wconf 86' lang='lat' dir='ltr'>linea</span> <span class='ocrx_word' id='word_1_304' title='bbox 2113 2178 2275 2224; x_wconf 82' lang='lat' dir='ltr'>litteras</span> 
     </span>
    </p>
   </div>
   <div class='ocr_carea' id='block_1_8' title="bbox 56 2238 2278 2508">
    <p class='ocr_par' dir='ltr' id='par_1_9' title="bbox 56 2238 2278 2508">
     <span class='ocr_line' id='line_1_31' title="bbox 56 2238 2278 2302; baseline 0 -13"><span class='ocrx_word' id='word_1_305' title='bbox 56 2242 255 2296; x_wconf 64' lang='lat' dir='ltr'>libratas,</span> <span class='ocrx_word' id='word_1_306' title='bbox 288 2241 420 2287; x_wconf 86' lang='lat' dir='ltr'>altera</span> <span class='ocrx_word' id='word_1_307' title='bbox 440 2240 676 2296; x_wconf 83' lang='lat' dir='ltr'>Gothicas,</span> <span class='ocrx_word' id='word_1_308' title='bbox 710 2243 833 2287; x_wconf 84' lang='lat' dir='ltr'>tertia</span> <span class='ocrx_word' id='word_1_309' title='bbox 852 2241 1024 2287; x_wconf 84' lang='lat' dir='ltr'>Graecas</span> <span class='ocrx_word' id='word_1_310' title='bbox 1052 2256 1293 2302; x_wconf 85' lang='lat' dir='ltr'>quartaque</span> <span class='ocrx_word' id='word_1_311' title='bbox 1315 2238 1501 2287; x_wconf 82' lang='lat' dir='ltr'>Rufficas</span> <span class='ocrx_word' id='word_1_312' title='bbox 1532 2241 1720 2289; x_wconf 80' lang='lat' dir='ltr'>exhibet.</span> <span class='ocrx_word' id='word_1_313' title='bbox 1789 2240 2006 2287; x_wconf 80' lang='lat' dir='ltr'>Mantiss&#39;ae</span> <span class='ocrx_word' id='word_1_314' title='bbox 2032 2243 2133 2289; x_wconf 94' lang='lat' dir='ltr'>loco</span> <span class='ocrx_word' id='word_1_315' title='bbox 2163 2244 2278 2300; x_wconf 78' lang='lat' dir='ltr'>adie-</span> 
     </span>
     <span class='ocr_line' id='line_1_32' title="bbox 58 2305 2278 2369; baseline 0 -13"><span class='ocrx_word' id='word_1_316' title='bbox 58 2311 342 2356; x_wconf 59' lang='lat' dir='ltr'>cimus&#39;vetus</span> <span class='ocrx_word' id='word_1_317' title='bbox 360 2305 645 2369; x_wconf 82' lang='lat' dir='ltr'>alphabetum</span> <span class='ocrx_word' id='word_1_318' title='bbox 666 2307 895 2363; x_wconf 86' lang='lat' dir='ltr'>Graecum,</span> <span class='ocrx_word' id='word_1_319' title='bbox 929 2307 983 2354; x_wconf 87' lang='lat' dir='ltr'>ab</span> <span class='ocrx_word' id='word_1_320' title='bbox 1011 2305 1271 2364; x_wconf 82' lang='lat' dir='ltr'>amanuense</span> <span class='ocrx_word' id='word_1_321' title='bbox 1292 2307 1436 2368; x_wconf 85' lang='lat' dir='ltr'>Anglo</span> <span class='ocrx_word' id='word_1_322' title='bbox 1456 2309 1664 2354; x_wconf 88' lang='lat' dir='ltr'>Saxonico</span> <span class='ocrx_word' id='word_1_323' title='bbox 1693 2322 1935 2365; x_wconf 87' lang='lat' dir='ltr'>exaratum,</span> <span class='ocrx_word' id='word_1_324' title='bbox 1971 2325 2059 2355; x_wconf 86' lang='lat' dir='ltr'>una</span> <span class='ocrx_word' id='word_1_325' title='bbox 2086 2325 2187 2356; x_wconf 90' lang='lat' dir='ltr'>cum</span> <span class='ocrx_word' id='word_1_326' title='bbox 2210 2326 2278 2356; x_wconf 85' lang='lat' dir='ltr'>ex·</span> 
     </span>
     <span class='ocr_line' id='line_1_33' title="bbox 59 2368 2278 2445; baseline 0.002 -25"><span class='ocrx_word' id='word_1_327' title='bbox 59 2375 296 2437; x_wconf 82' lang='lat' dir='ltr'>plicatione</span> <span class='ocrx_word' id='word_1_328' title='bbox 319 2376 410 2420; x_wconf 87' lang='lat' dir='ltr'>eius</span> <span class='ocrx_word' id='word_1_329' title='bbox 438 2373 591 2430; x_wconf 86' lang='lat' dir='ltr'>latina,</span> <span class='ocrx_word' id='word_1_330' title='bbox 626 2388 860 2437; x_wconf 85' lang='lat' dir='ltr'>utramque</span> <span class='ocrx_word' id='word_1_331' title='bbox 892 2372 945 2420; x_wconf 87' lang='lat' dir='ltr'>ab</span> <span class='ocrx_word' id='word_1_332' title='bbox 966 2371 1170 2440; x_wconf 74' lang='lat' dir='ltr'>Hickefio</span> <span class='ocrx_word' id='word_1_333' title='bbox 1202 2372 1401 2420; x_wconf 87' lang='lat' dir='ltr'>insertam</span> <span class='ocrx_word' id='word_1_334' title='bbox 1434 2375 1678 2420; x_wconf 86' lang='lat' dir='ltr'>immortali</span> <span class='ocrx_word' id='word_1_335' title='bbox 1709 2368 1909 2436; x_wconf 69' lang='lat' dir='ltr'>tlufiwri</span> <span class='ocrx_word' id='word_1_336' title='bbox 1935 2376 2089 2437; x_wconf 86' lang='lat' dir='ltr'>operi,</span> <span class='ocrx_word' id='word_1_337' title='bbox 2119 2391 2278 2445; x_wconf 81' lang='lat' dir='ltr'>gram.</span> 
     </span>
     <span class='ocr_line' id='line_1_34' title="bbox 59 2437 1930 2508; baseline -0.001 -17"><span class='ocrx_word' id='word_1_338' title='bbox 59 2440 212 2508; x_wconf 79' lang='lat' dir='ltr'>Angla</span> <span class='ocrx_word' id='word_1_339' title='bbox 231 2441 285 2491; x_wconf 80' lang='lat' dir='ltr'>S.</span> <span class='ocrx_word' id='word_1_340' title='bbox 303 2457 348 2504; x_wconf 89' lang='lat' dir='ltr'>p.</span> <span class='ocrx_word' id='word_1_341' title='bbox 373 2446 483 2498; x_wconf 75' lang='lat'>168.</span> <span class='ocrx_word' id='word_1_342' title='bbox 539 2442 589 2486; x_wconf 88' lang='lat' dir='ltr'>In</span> <span class='ocrx_word' id='word_1_343' title='bbox 608 2456 746 2501; x_wconf 88' lang='lat' dir='ltr'>quem</span> <span class='ocrx_word' id='word_1_344' title='bbox 765 2437 898 2487; x_wconf 81' lang='lat' dir='ltr'>finem</span> <span class='ocrx_word' id='word_1_345' title='bbox 927 2438 1091 2503; x_wconf 86' lang='lat' dir='ltr'>fingula</span> <span class='ocrx_word' id='word_1_346' title='bbox 1111 2441 1409 2498; x_wconf 82' lang='lat' dir='ltr'>attulerimuS‚</span> <span class='ocrx_word' id='word_1_347' title='bbox 1444 2437 1665 2500; x_wconf 88' lang='lat' dir='ltr'>sequentia</span> <span class='ocrx_word' id='word_1_348' title='bbox 1685 2439 1930 2489; x_wconf 59' lang='lat' dir='ltr'>docebunts</span> 
     </span>
    </p>
   </div>
   <div class='ocr_carea' id='block_1_9' title="bbox 1022 2548 1294 2615">
    <p class='ocr_par' dir='ltr' id='par_1_10' title="bbox 1022 2548 1294 2615">
     <span class='ocr_line' id='line_1_35' title="bbox 1022 2548 1294 2615; baseline 0.007 -18"><span class='ocrx_word' id='word_1_349' title='bbox 1022 2548 1064 2615; x_wconf 67' lang='grc' dir='ltr'>ς.</span> <span class='ocrx_word' id='word_1_350' title='bbox 1135 2553 1294 2599; x_wconf 74' lang='lat' dir='ltr'>xxiv,</span> 
     </span>
    </p>
   </div>
   <div class='ocr_carea' id='block_1_10' title="bbox 2 2635 2283 2765">
    <p class='ocr_par' dir='ltr' id='par_1_11' title="bbox 2 2635 2283 2765">
     <span class='ocr_line' id='line_1_36' title="bbox 193 2635 2282 2699; baseline 0.001 -14"><span class='ocrx_word' id='word_1_351' title='bbox 193 2640 417 2695; x_wconf 84' lang='lat' dir='ltr'>Primum,</span> <span class='ocrx_word' id='word_1_352' title='bbox 449 2636 503 2684; x_wconf 88' lang='lat' dir='ltr'>ad</span> <span class='ocrx_word' id='word_1_353' title='bbox 527 2635 648 2697; x_wconf 89' lang='lat' dir='ltr'>quod</span> <span class='ocrx_word' id='word_1_354' title='bbox 668 2637 869 2683; x_wconf 86' lang='lat' dir='ltr'>animum</span> <span class='ocrx_word' id='word_1_355' title='bbox 887 2637 1175 2696; x_wconf 72' lang='lat' dir='ltr'>advertimus,</span> <span class='ocrx_word' id='word_1_356' title='bbox 1210 2638 1257 2684; x_wconf 90' lang='lat' dir='ltr'>id</span> <span class='ocrx_word' id='word_1_357' title='bbox 1279 2636 1362 2694; x_wconf 88' lang='lat' dir='ltr'>est,</span> <span class='ocrx_word' id='word_1_358' title='bbox 1399 2638 1559 2685; x_wconf 87' lang='lat' dir='ltr'>litteras</span> <span class='ocrx_word' id='word_1_359' title='bbox 1589 2636 1811 2699; x_wconf 84' lang='lat' dir='ltr'>alphabeti</span> <span class='ocrx_word' id='word_1_360' title='bbox 1847 2638 2007 2686; x_wconf 87' lang='lat' dir='ltr'>ebraici</span> <span class='ocrx_word' id='word_1_361' title='bbox 2034 2638 2192 2686; x_wconf 90' lang='lat' dir='ltr'>ordine</span> <span class='ocrx_word' id='word_1_362' title='bbox 2226 2641 2282 2688; x_wconf 87' lang='lat' dir='ltr'>ad</span> 
     </span>
     <span class='ocr_line' id='line_1_37' title="bbox 2 2701 2283 2765; baseline 0 -10"><span class='ocrx_word' id='word_1_363' title='bbox 2 2762 8 2765; x_wconf 19' lang='grc' dir='ltr'><em>Α</em></span> <span class='ocrx_word' id='word_1_364' title='bbox 64 2703 198 2755; x_wconf 81' lang='lat' dir='ltr'>finem</span> <span class='ocrx_word' id='word_1_365' title='bbox 228 2722 366 2765; x_wconf 87' lang='lat' dir='ltr'>usque</span> <span class='ocrx_word' id='word_1_366' title='bbox 391 2702 546 2764; x_wconf 77' lang='lat' dir='ltr'>positas</span> <span class='ocrx_word' id='word_1_367' title='bbox 573 2701 678 2760; x_wconf 81' lang='lat' dir='ltr'>effe,</span> <span class='ocrx_word' id='word_1_368' title='bbox 714 2704 995 2764; x_wconf 84' lang='lat' dir='ltr'>valoremque</span> <span class='ocrx_word' id='word_1_369' title='bbox 1027 2705 1352 2752; x_wconf 78' lang='lat' dir='ltr'>arithmeticum</span> <span class='ocrx_word' id='word_1_370' title='bbox 1379 2704 1532 2751; x_wconf 88' lang='lat' dir='ltr'>seriem</span> <span class='ocrx_word' id='word_1_371' title='bbox 1554 2707 1882 2765; x_wconf 81' lang='lat' dir='ltr'>grammaticam</span> <span class='ocrx_word' id='word_1_372' title='bbox 1905 2703 2051 2765; x_wconf 83' lang='lat' dir='ltr'>sequi3</span> <span class='ocrx_word' id='word_1_373' title='bbox 2088 2708 2133 2751; x_wconf 87' lang='lat' dir='ltr'>in</span> <span class='ocrx_word' id='word_1_374' title='bbox 2156 2705 2283 2755; x_wconf 86' lang='lat' dir='ltr'>subfi-</span> 
     </span>
    </p>
   </div>
   <div class='ocr_carea' id='block_1_11' title="bbox 47 2767 2282 2906">
    <p class='ocr_par' dir='ltr' id='par_1_12' title="bbox 47 2767 2282 2906">
     <span class='ocr_line' id='line_1_38' title="bbox 66 2767 2282 2834; baseline 0 -13"><span class='ocrx_word' id='word_1_375' title='bbox 66 2776 149 2823; x_wconf 83' lang='lat' dir='ltr'>diis</span> <span class='ocrx_word' id='word_1_376' title='bbox 171 2773 325 2820; x_wconf 89' lang='lat' dir='ltr'>deinde</span> <span class='ocrx_word' id='word_1_377' title='bbox 347 2769 427 2817; x_wconf 83' lang='lat' dir='ltr'>esse</span> <span class='ocrx_word' id='word_1_378' title='bbox 447 2770 606 2815; x_wconf 86' lang='lat' dir='ltr'>litteras</span> <span class='ocrx_word' id='word_1_379' title='bbox 625 2767 793 2828; x_wconf 81' lang='lat' dir='ltr'>finales,</span> <span class='ocrx_word' id='word_1_380' title='bbox 826 2787 966 2831; x_wconf 85' lang='lat' dir='ltr'>usque</span> <span class='ocrx_word' id='word_1_381' title='bbox 986 2771 1094 2819; x_wconf 88' lang='lat' dir='ltr'>dum</span> <span class='ocrx_word' id='word_1_382' title='bbox 1117 2785 1180 2834; x_wconf 89' lang='lat'>27</span> <span class='ocrx_word' id='word_1_383' title='bbox 1209 2770 1384 2818; x_wconf 84' lang='lat' dir='ltr'>diversae</span> <span class='ocrx_word' id='word_1_384' title='bbox 1416 2769 1591 2834; x_wconf 77' lang='lat' dir='ltr'>figurae,</span> <span class='ocrx_word' id='word_1_385' title='bbox 1626 2783 1693 2819; x_wconf 92' lang='lat' dir='ltr'>tot</span> <span class='ocrx_word' id='word_1_386' title='bbox 1713 2774 1830 2819; x_wconf 86' lang='lat' dir='ltr'>enim</span> <span class='ocrx_word' id='word_1_387' title='bbox 1850 2771 2040 2819; x_wconf 85' lang='lat' dir='ltr'>calculus</span> <span class='ocrx_word' id='word_1_388' title='bbox 2061 2773 2282 2821; x_wconf 85' lang='lat' dir='ltr'>decimalis</span> 
     </span>
     <span class='ocr_line' id='line_1_39' title="bbox 47 2834 573 2906; baseline -0.015 -17"><span class='ocrx_word' id='word_1_389' title='bbox 47 2842 273 2906; x_wconf 55' lang='lat' dir='ltr'>&#39;‘requirit,</span> <span class='ocrx_word' id='word_1_390' title='bbox 306 2834 573 2888; x_wconf 56' lang='lat' dir='ltr'>emerserint,</span> 
     </span>
    </p>
   </div>
   <div class='ocr_carea' id='block_1_12' title="bbox 1229 2972 2284 3035">
    <p class='ocr_par' dir='ltr' id='par_1_13' title="bbox 1229 2972 2284 3035">
     <span class='ocr_line' id='line_1_40' title="bbox 1229 2972 2284 3035; baseline 0.009 -19"><span class='ocrx_word' id='word_1_391' title='bbox 1229 2972 1266 3017; x_wconf 92' lang='lat' dir='ltr'>C</span> <span class='ocrx_word' id='word_1_392' title='bbox 1290 2985 1313 3016; x_wconf 88' lang='lat' dir='ltr'>c</span> <span class='ocrx_word' id='word_1_393' title='bbox 2086 2972 2127 3035; x_wconf 83' lang='lat'>§.</span> <span class='ocrx_word' id='word_1_394' title='bbox 2148 2975 2284 3025; x_wconf 87' lang='lat' dir='ltr'><strong>XXV.</strong></span> 
     </span>
    </p>
   </div>
  </div>
 </body>
</html>
